2340 3854
466 222 679 287 PRAEFATIO.
837 291 840 298 ,
1042 251 1071 293 ιιι

65 411 124 452 non
134 393 238 452 habeat
248 410 304 466 quo
315 395 467 465 referatur
480 400 567 451 totum
578 399 671 452 locum
681 397 908 471 transponendo,
925 401 1069 508 mutando,

65 477 265 552 distinguendo
277 437 480 536 administravit
489 476 719 536 Lachmannus
696 496 751 537 sicr

170 557 221 611 805
241 565 266 608 ct
274 558 324 608 nisi
333 565 472 624 tempestas
482 559 596 626 indulget
606 568 720 625 tempore
729 560 814 611 lausto

128 666 131 671 .
168 626 221 679 807
239 627 519 693 solquesuapropartc
531 628 881 694 iovettribuitqneoalorcm,

18 749 22 756 ,
168 695 361 758 8iliiimbribus
370 703 394 744 et
406 697 465 747 tabe
474 697 616 749 nimbomm
627 698 738 749 ambusta
749 697 881 759 vacillent,

81 820 84 825 ,
168 762 221 819 808
241 779 354 815 crescere
364 779 415 815 non
426 765 526 829 possint
535 765 623 832 fruges
633 767 737 817 arbusta
745 768 891 818 animantis.

62 851 160 924 ltaque
183 855 251 907 ante
268 867 383 908 versum
403 855 456 910 8⁰6
478 851 625 908 collocavit
646 850 760 908 versum
774 855 843 921 807,
867 852 951 924 alque
972 853 1002 908 in
1021 870 1070 909 ex·

67 941 158 991 tremo
169 934 253 990 huius
269 932 322 994 807
333 935 465 989 versiculi
482 936 621 991 vocabulo
641 936 764 992 calorem
781 935 855 991 finiri
869 937 995 1009 protasia
1013 942 1066 992 sta·

64 1019 116 1073 tuit
121 1018 302 1113 ‚apodeseos
313 1022 406 1073 autem
415 1018 539 1089 priorem
549 1023 659 1090 partem
677 1019 835 1074 contineri
827 1035 856 1073 ιιι
875 1036 962 1076 versu
975 1020 1031 1079 808
1043 1026 1070 1076 et

64 1100 130 1156 hnic
140 1101 228 1173 priori
245 1101 316 1172 parti
331 1086 496 1168 ἆσννδέτως
509 1100 576 1159 addi
592 1103 732 1157 alteram
726 1118 754 1157 ιιι
770 1118 857 1160 versu
867 1105 929 1162 808.
961 1102 1069 1159 Deinde

65 1200 136 1242 vero
148 1201 179 1241 v.
190 1183 379 1244 boburbrmu
391 1184 525 1240 mutavit
517 1201 546 1239 m
560 1185 714 1255 ambusta,
732 1192 832 1282 atque
833 1185 1070 1243 imbribusettube

64 1267 217 1324 amborum
231 1267 366 1324 ambusta
377 1269 506 1324 vacillent
516 1269 649 1341 explicari
661 1269 782 1324 voluit
760 1284 816 1324 sic.
822 1255 931 1323 omnia
941 1269 1070 1325 imbrium

61 1351 173 1425 sriqure
183 1348 311 1407 ambusta
326 1351 459 1407 vacillent
477 1357 561 1422 atquc
575 1353 689 1419 nutent’,
708 1352 798 1407 allatis
815 1351 933 1406 aliorum
951 1353 1068 1424 scripto·

65 1450 126 1490 rum
144 1433 214 1490 locIs
231 1434 335 1502 tribus,
354 1448 472 1505 quornm
486 1448 572 1490 unum
589 1434 780 1506 suppeditavit
800 1435 930 1491 Valerius
941 1435 1068 1496 Flaccus.

64 1518 111 1589 qui
124 1517 172 1588 IV,
192 1521 226 1578 70
250 1519 340 1575 accub
358 1516 480 1574 ambitstu
491 1520 606 1590 pruinis
622 1517 740 1575 Lumina
763 1521 889 1589 (oculos)
908 1520 1068 1577 Promethei

64 1601 149 1670 dixit3
165 1601 265 1674 reliqui
283 1601 339 1658 duo
362 1602 416 1657 loci
435 1602 612 1674 reperiuntur
629 1603 706 1676 apud
723 1603 903 1660 Columellam
921 1603 968 1673 lll,
989 1607 1016 1673 3,
1034 1609 1069 1663 13

62 1684 178 1742 brumae
184 1684 339 1759 friporibus
352 1691 379 1742 et
382 1687 495 1758 pruinis
505 1686 657 1756 inurenda,
674 1686 710 1755 X,
727 1690 763 1745 74
778 1703 849 1760 quae
864 1690 943 1744 cuuis
960 1689 1070 1745 iaceant

61 1769 171 1826 urenda
177 1771 300 1841 pruinis.
328 1769 366 1823 At
377 1776 406 1823 ut
414 1768 524 1842 friqore
540 1769 647 1825 amburi
666 1775 693 1824 et
705 1769 789 1826 latine
806 1777 833 1827 ct
850 1772 878 1826 in
898 1772 998 1842 quavis
1016 1772 1067 1827 lin·

61 1868 120 1924 gna
130 1858 207 1908 recte
219 1851 274 1907 dici
283 1853 387 1925 possit,
400 1856 429 1907 ut
440 1855 474 1908 ab
486 1850 541 1907 hac
552 1853 691 1909 locutione
701 1855 820 1925 proiecti
831 1856 900 1910 tales
912 1856 1064 1927 scriptores

61 1936 160 2006 quales
172 1941 236 1991 sunt
245 1935 376 1991 Valerius
387 1935 505 1991 Flaccus
525 1942 552 1991 et
563 1933 716 1993 Columella
734 1934 817 1996 etiam
828 1940 943 2010 pruinis
959 1940 1067 1994 amburi

61 2018 159 2074 dicere
169 2019 294 2090 possint,
307 2034 371 2073 cum
380 2019 409 2074 in
419 2019 527 2090 pruinis
538 2019 650 2090 frigoris
663 2021 739 2074 notio
750 2021 862 2092 penitus
873 2020 1065 2078 inhaerescat:

59 2109 154 2158 tamen
166 2118 202 2156 ne
214 2103 300 2155 ullum
311 2101 425 2171 quidem
440 2101 592 2171 vestigium
605 2102 667 2158 slve
683 2103 795 2172 trigoris
811 2104 873 2159 sive
886 2105 1005 2175 pruinae
1021 2120 1066 2160 re·

59 2187 168 2259 peritur
180 2184 208 2238 in
219 2198 306 2238 versu
320 2183 496 2238 Lucretiano.
526 2182 640 2239 Dixissit
649 2184 794 2241 Lucretius
811 2185 967 2242 secundum
977 2187 1066 2243 Lach-

58 2268 155 2325 manni
176 2266 342 2338 scripturam
362 2265 489 2323 imbribus
510 2268 646 2323 ambusta.
687 2267 780 2342 Atque
801 2270 971 2327 huiusmodi
999 2272 1066 2343 quid

58 2369 152 2424 neque
164 2368 182 2407 a
195 2351 323 2407 Lucretio
335 2365 428 2422 neque
440 2352 475 2407 ab
487 2351 543 2406 ullo
556 2358 633 2408 casto
645 2353 781 2425 scriptore
794 2354 850 2410 dici
859 2355 986 2428 potuisse
994 2355 1065 2412 mihi

59 2436 174 2508 quidem
183 2450 353 2508 persuasum
365 2441 417 2491 est.
445 2434 537 2503 Quare
549 2437 646 2493 relicta
657 2438 883 2496 Lachmanniana
893 2441 1002 2496 ratione
1014 2457 1064 2496 ex·

56 2520 216 2594 periamur,
240 2524 333 2575 utrum
349 2519 478 2576 codicum
496 2520 566 2576 ordo
585 2522 699 2578 retineri
716 2524 820 2596 possit,
842 2525 867 2580 si
892 2523 1063 2580 aPrieciano

57 2602 336 2676 putrescemus
353 2603 484 2661 imbribus
501 2612 537 2660 ut
556 2606 617 2662 tube
633 2607 787 2665 nimborum
804 2608 918 2665 orbitate
938 2609 1066 2664 vacilleut

59 2691 143 2759 atque
164 2688 204 2742 sic
226 2687 430 2761 distinguamus
449 2694 478 2743 ut
493 2689 624 2747 imbribus
639 2707 669 2748 v.
680 2696 733 2751 806
748 2692 873 2764 pendeat
888 2695 923 2748 ab
944 2692 1065 2764 indutam

59 2788 89 2828 v.
102 2773 164 2830 805.
197 2768 257 2837 Quo
269 2773 342 2827 lacto
353 2773 416 2828 talis
430 2772 532 2828 exstitit
545 2775 647 2829 oratio=

162 2866 214 2920 800
233 2875 257 2918 et
266 2872 317 2920 nisi
328 2877 464 2936 tempestas
474 2871 588 2937 indulget
597 2880 712 2936 tempore
721 2871 804 2921 lausto

230 2937 368 3000 imbribus,
378 2947 406 2990 ut
414 2940 472 2990 tabe
480 2940 628 2991 nimborum
636 2941 738 2991 arbusta
748 2938 879 3000 vacillent,

230 3007 320 3071 solque
329 3023 376 3059 sua
386 3017 515 3074 properie
526 3008 593 3060 iuvet
602 3010 738 3072 tribuitque
748 3009 870 3067 calorem,

230 3091 345 3128 crescere
354 3092 405 3128 non
415 3079 513 3143 possint
523 3078 609 3144 fruges
621 3080 724 3129 arbusta
734 3078 879 3127 animantis.

55 3163 114 3218 lam
126 3163 248 3234 protasis
259 3165 380 3234 pertinet
390 3181 480 3236 usque
492 3164 529 3220 ad
540 3165 661 3222 cubitem
673 3183 700 3219 v.
711 3167 779 3235 807,
798 3163 827 3218 in
839 3179 929 3234 eaque
939 3163 1061 3236 primum

55 3246 156 3302 dicitur
167 3246 203 3302 de
215 3247 363 3318 imbribus,
383 3249 430 3320 qui
448 3255 575 3321 tempore
587 3263 676 3305 verno
694 3247 772 3303 fiunt.
812 3247 861 3303 Eis
873 3247 909 3303 ita
921 3246 1061 3319 agitantur

55 3331 168 3385 frutices
183 3336 211 3386 et
223 3332 351 3401 arbusta,
368 3338 400 3388 ut
415 3331 471 3388 hnc
488 3338 571 3404 atque
584 3332 648 3387 illuc
664 3339 760 3389 nutent
776 3331 908 3407 perculsa
919 3331 1058 3387 tnbenim·

53 3413 150 3469 borum
167 3414 184 3468 i.
198 3431 223 3469 e.
239 3415 359 3472 nubibus
380 3416 587 3473 tabescentibus
599 3416 627 3470 in
637 3417 779 3490 pluviam,
797 3416 868 3471 sicut
886 3412 1059 3484 Lucanusil,

52 3498 107 3553 224
119 3495 206 3554 tabem
215 3499 286 3555 nivis
296 3499 364 3554 dixit
375 3499 538 3569 liquefactas
549 3501 639 3556 nives.
683 3501 733 3556 His
751 3500 884 3556 imbribus
897 3499 979 3555 eliam
990 3496 1061 3553 solis
