2340 3854
506 187 509 200 '
555 182 596 245 lt

162 352 230 434 quid
241 359 394 433 quaesunt
404 351 490 430 igitur
498 351 553 410 iam
563 351 655 430 prima
663 349 758 424 fronte
768 349 887 430 parata?
950 386 953 393 ,

162 456 228 498 cum
241 437 381 497 iaciuntur
389 444 421 496 et
432 435 567 496 emissum
577 451 627 495 res
638 433 715 495 nulla
725 444 866 513 moratur,

162 516 931 601 quodsuperest,ubitamroluorilevitataierantur‚

161 622 257 685 quone
267 603 349 664 rides
361 603 445 665 citius
457 601 565 662 debere
576 611 606 661 et
618 600 731 679 longius
744 603 787 662 ire

95 700 149 754 206
164 687 371 768 multiplexque
382 685 440 746 loci
451 686 572 763 spatium
581 694 776 745 marsuan-ere
789 686 891 747 eodem

162 784 293 853 tempore
304 786 362 850 quo
373 768 444 831 solis
455 767 626 848 pervolgant
637 768 740 828 lumina
753 767 884 829 caelum?

160 858 217 917 hoc
230 859 315 917 etiam
324 856 353 913 in
364 854 461 931 primis
472 853 620 932 specimen
631 870 729 913 rerum
740 870 809 913 esse
821 852 948 934 videtur,

161 957 244 1020 mam
256 938 346 1000 celeri
357 946 538 998 maturarum
549 936 697 998 simulacra
712 936 853 1015 ferantur,

160 1023 236 1104 quod
248 1021 330 1085 simul
343 1039 377 1082 sc
388 1023 507 1102 primunr
521 1020 574 1080 sub
586 1021 633 1081 diu
642 1020 780 1100 splendor
789 1022 871 1100 aquai
944 1073 947 1080 .

91 1119 146 1172 210
163 1109 290 1188 ponitur,
306 1105 452 1186 extemplo
463 1103 545 1168 eaelo
556 1104 689 1167 stellante
701 1123 802 1166 serena

160 1191 254 1254 sidera
262 1188 439 1270 respondent
451 1192 478 1248 in
492 1206 563 1266 aqua
574 1190 709 1249 radiantia
721 1189 834 1248 mundo.

159 1279 250 1337 iamne
261 1275 342 1335 vides
355 1275 442 1351 igitur
456 1289 539 1351 qaam
548 1282 657 1350 puncto
667 1281 797 1350 tempore
811 1274 904 1349 imago

160 1359 285 1420 aetheris
296 1376 334 1418 ex
344 1359 403 1417 oris
413 1358 441 1415 in
452 1364 590 1416 terrarum
600 1353 711 1415 accidat
728 1351 814 1416 oras‘l

161 1461 248 1522 quare
262 1443 346 1502 etiam
357 1450 442 1517 atque
454 1440 537 1499 etiam
548 1438 618 1499 mitti
629 1437 736 1498 fateare
748 1448 900 1500 necessest

94 1537 147 1590 215
163 1543 286 1605 corpora
298 1541 371 1604 quae
383 1523 485 1583 feriant
496 1520 598 1583 oculos
609 1524 758 1602 visumque
769 1520 927 1585 lacessant:

160 1618 361 1690 perpetuoque
374 1607 463 1668 duunt
474 1609 560 1668 certis
575 1608 611 1667 ab
621 1607 709 1668 rebus
724 1606 844 1676 odores:
875 1607 880 1623 ‘

160 1695 250 1773 frigus
262 1702 293 1754 nt
303 1711 320 1752 a
330 1691 439 1771 fluviis,
453 1690 532 1752 calor
545 1691 581 1751 ab
592 1691 674 1769 solo,
687 1700 784 1753 aestus
799 1692 834 1751 ab
849 1694 929 1754 undis

159 1780 309 1858 aequoris,
322 1793 429 1837 exesor
441 1792 602 1837 moerorum
610 1821 626 1853 ‚.
635 1775 718 1836 litora
730 1777 851 1835 circum:

160 1881 216 1925 nec
225 1864 321 1923 variae
334 1868 447 1922 cessant
459 1878 548 1922 voces
560 1859 681 1921 volitare
693 1878 746 1939 por
757 1875 854 1920 auras:

95 1955 148 2008 220
161 1945 283 2025 denique
294 1947 323 2005 in
335 1963 369 2005 os
380 1944 449 2006 salsi
459 1947 537 2005 venit
547 1961 628 2004 umor
638 1961 727 2022 saepe
740 1944 866 2021 saporis,

161 2048 224 2090 eum
235 2047 312 2089 mare
323 2045 470 2088 versamur
484 2036 619 2105 propter,
633 2025 776 2103 dilutaque
792 2035 889 2085 contra

160 2130 225 2174 cum
235 2114 337 2173 tuimur
347 2111 461 2171 misceri
472 2108 625 2185 absinthia,
638 2109 727 2185 tangit
738 2124 854 2167 amaror.

160 2193 336 2274 usqueadeo
348 2192 523 2253 omnibusab
536 2191 623 2252 rebus
635 2208 683 2250 res
696 2208 827 2269 quaeque
837 2190 957 2252 lluenter

159 2281 250 2342 fertur
263 2287 293 2339 et
303 2279 331 2338 in
343 2286 460 2339 careas
474 2275 620 2335 dimittitur
629 2273 752 2354 undique
765 2275 869 2354 partis,

92 2375 144 2427 225
158 2382 213 2426 nec
224 2379 302 2423 mora
313 2380 368 2422 neo
379 2361 496 2440 requies
507 2359 662 2420 interdatur
672 2359 729 2419 ulla
743 2357 863 2438 lluendi,

159 2457 300 2528 perpetuo
313 2445 441 2526 quoniam
453 2446 589 2507 sentimus
600 2454 630 2504 et
642 2446 733 2505 omnia
744 2460 868 2523 semper.

160 2532 293 2610 [cernere
307 2529 419 2591 odorari
430 2528 500 2590 licet
509 2538 539 2588 et
550 2529 657 2589 sentire
669 2527 784 2607 sonare]

201 2614 351 2674 Praeterea
367 2613 497 2691 quoniam
508 2612 634 2672 manibus
645 2621 763 2672 tractata
775 2611 863 2689 ligura

160 2696 325 2756 intenebris
337 2694 472 2774 quaedam
485 2696 670 2770 cognoscitur
679 2713 746 2756 esse
758 2694 857 2754 eadem
868 2712 941 2772 quae

94 2789 147 2844 230
162 2780 323 2841 demiturin
334 2777 400 2838 luce
415 2786 445 2837 et
456 2776 534 2836 claro
551 2776 690 2853 candore,
702 2784 854 2836 necessest

160 2860 299 2924 consimili
317 2878 402 2923 eausa
413 2869 518 2921 tactum
528 2860 805 2938 risumquemoveri.

158 2966 233 3008 nuno
244 2948 330 3026 igitur
340 2947 365 3007 si
377 2944 541 3024 quadratum
554 2953 723 3024 temptamus
738 2950 768 3003 et
782 2940 809 3002 id
821 2959 874 3002 nos

160 3040 320 3092 commoret
330 3030 359 3090 in
370 3029 515 3106 tenebris,
526 3029 553 3087 in
565 3027 623 3088 luci
634 3045 707 3107 qnae
723 3026 829 3106 poterit
838 3043 887 3086 res

158 3115 290 3186 accidere
302 3114 336 3174 ad
348 3116 476 3194 speciem
489 3112 637 3192 quadrata,
653 3112 707 3171 nisi
722 3111 784 3170 eius
795 3105 909 3187 imago?

94 3207 145 3262 235
160 3219 227 3261 esse
237 3200 265 3259 ln
276 3199 443 3277 imaginibus
454 3205 628 3277 quapropter
639 3212 724 3256 causa
737 3192 849 3254 videtur

160 3281 294 3343 cernundi
307 3301 401 3360 neque
416 3299 505 3361 posse
517 3282 579 3341 sine
590 3279 635 3341 his
648 3297 696 3340 res
707 3276 766 3338 ulla
776 3277 875 3338 rideri.

158 3385 233 3427 nunc
248 3384 281 3426 ca
296 3383 369 3445 quaa
382 3366 447 3426 dico
458 3381 554 3425 rerum
569 3362 718 3425 simulacra
729 3361 858 3424 feruntur

159 3449 281 3528 undique
296 3458 326 3510 at
337 3451 363 3508 in
377 3459 492 3511 cunctas
504 3448 642 3509 iaciuntur
651 3446 735 3509 didita
748 3447 851 3526 partis:

118 3539 276 3593 Lucnsrrus.
888 3525 905 3587 l
