2340 3854
137 183 199 248 172
615 182 656 244 Vl

223 349 381 430 perscindit
392 350 487 411 subito
499 349 621 425 nubem,
633 348 780 428 ferturque
790 350 920 412 coruscis

223 435 314 495 omnia
324 432 475 494 luminibus
488 432 610 494 lustrans
625 431 689 493 loca
699 433 828 513 percitus
838 432 932 493 ardor.

156 526 208 579 285
224 535 308 596 quem
319 518 414 594 gravis
425 518 585 596 insequitur
596 518 723 592 sonitus,
736 514 863 596 displosa
872 527 995 596 repente

223 599 358 661 occidere
369 609 400 660 ut
412 599 485 660 caeli
495 600 642 659 videantur
653 598 759 678 templa
769 617 904 678 superne.

223 684 288 744 inde
300 692 407 744 tremor
422 691 513 744 terras
522 685 648 761 gmviter
659 691 847 763 pertemptat,
860 693 890 743 et
905 682 993 744 altum

223 784 362 826 murmura
373 777 542 846 percurrunt
553 765 678 827 caelum:
690 784 753 825 nam
766 776 825 826 tota
837 765 901 827 lere
914 776 974 828 tum

224 858 379 929 tempestas
392 866 532 910 concussa
543 851 637 911 tremit
647 849 833 929 fremitusque
844 858 1002 911 moventur.

159 943 212 997 290
224 950 280 1012 quo
293 933 329 992 de
342 950 485 993 concussu
499 935 629 1011 sequitur
638 935 733 1011 gravis
744 933 836 993 imber
847 942 877 994 et
888 934 977 1011 uber,

225 1018 315 1077 omm's
326 1017 366 1076 uti
378 1016 507 1077 videatur
516 1018 545 1076 in
557 1017 675 1077 imbrem
685 1018 793 1076 vertier
803 1017 904 1077 aether

225 1110 311 1179 atque
326 1101 363 1160 ita
377 1101 568 1178 pmecipitans
579 1100 614 1159 ad
626 1099 760 1160 diluviem
773 1102 919 1161 revocari:

225 1193 318 1244 tantus
331 1182 449 1243 discidio
460 1184 543 1245 nubis
558 1185 694 1263 ventique
705 1183 835 1262 procella

224 1269 356 1344 mittitur,
368 1266 476 1327 ardenti
487 1269 597 1328 sonitus
610 1285 674 1327 cum
686 1264 817 1346 provolat
828 1268 896 1327 ictu.

159 1360 211 1414 295
224 1360 270 1410 est
282 1352 365 1410 etiam
378 1369 442 1411 cum
453 1351 497 1410 vis
510 1353 689 1411 extrinsecus
703 1351 787 1410 incita
798 1352 876 1410 venti

225 1434 322 1494 incidit
334 1435 362 1492 iu
375 1432 493 1494 calidam
504 1443 613 1494 maturo
625 1432 741 1493 fulmine
753 1434 872 1503 nubem;

225 1535 307 1596 quarn
321 1535 385 1577 cum
395 1517 551 1596 perscidit,
564 1516 709 1596 extemplo
722 1516 797 1578 eadit
808 1519 909 1595 igneus
920 1516 971 1578 illo

224 1610 343 1677 vertex,
356 1619 441 1678 quem
453 1602 545 1679 patrio
557 1602 713 1663 vocitamus
726 1603 840 1661 nomino
851 1599 967 1661 fulmen.

225 1683 281 1744 hoc
293 1684 324 1744 lit
334 1683 409 1743 idem
418 1686 447 1743 in
458 1686 546 1762 partis
560 1684 646 1760 alias,
659 1702 841 1762 quocumque
852 1683 916 1745 tulit
926 1687 981 1745 vis.

160 1768 254 1830 soom
268 1783 382 1845 quoque
394 1776 425 1827 ut
439 1767 579 1827 interdum
591 1769 669 1827 venti
680 1770 724 1828 vis
735 1769 821 1828 missa
832 1770 894 1829 sine
905 1769 965 1846 igni

225 1852 346 1928 igniscat
357 1858 450 1909 tamen
462 1852 488 1909 in
501 1852 593 1929 spatio
604 1850 750 1929 longoque
761 1859 871 1929 meatu,

226 1953 289 1994 cum
300 1935 378 1993 venit
388 1935 518 1996 amittens
528 1936 557 1994 in
569 1952 655 1995 cursu
665 1951 786 2012 corpora
798 1934 936 2012 quaedam

225 2017 358 2096 grandia,
371 2036 444 2096 quae
455 2028 600 2097 nequount
611 2020 717 2097 pariter
728 2029 880 2095 penetrare
891 2036 946 2098 per
954 2037 1057 2099 auras,

224 2112 310 2181 atque
322 2101 376 2162 alia
388 2120 425 2162 ex
437 2103 501 2179 ipso
513 2102 672 2163 conradens
682 2107 752 2162 ae‘re
764 2110 858 2181 portat

161 2194 214 2248 305
226 2184 359 2265 parvola,
372 2203 445 2263 quae
457 2185 564 2247 iaciunt
575 2187 671 2263 ignem
683 2188 833 2246 commixta
844 2184 984 2257 solandos

225 2287 281 2329 non
293 2268 347 2328 alia
358 2267 445 2346 longe
456 2271 566 2329 mtione
577 2286 612 2330 ao
621 2268 755 2349 plumbea
766 2287 856 2349 saepe

226 2352 334 2413 fervida
346 2353 375 2411 lit
386 2350 468 2429 glans
480 2353 508 2411 iu
520 2371 623 2428 cursu,
640 2371 703 2413 cum
715 2351 800 2413 multa
814 2355 918 2430 rigoris

228 2452 350 2514 corpora
362 2434 503 2494 dimittens
515 2437 610 2512 ignem
622 2439 757 2514 concepit
766 2439 795 2496 in
805 2440 889 2498 auris.

227 2520 257 2578 lit
270 2534 385 2597 quoque
398 2527 429 2578 ut
439 2519 529 2596 ipsios
545 2518 646 2597 plagae
658 2521 702 2581 vis
714 2523 821 2581 excitet
832 2523 947 2599 ignem,

162 2610 215 2664 310
226 2602 328 2680 frigida
339 2620 403 2662 cum
413 2603 492 2662 venti
504 2602 614 2682 pepulit
624 2605 668 2664 vis
683 2606 770 2665 missa
782 2606 845 2665 sine
859 2606 935 2682 igni,

204 2696 211 2707 ·
225 2688 369 2763 nimirum,
383 2687 464 2764 quia,
478 2704 541 2746 cum
551 2689 675 2747 vementi
688 2687 811 2767 perculit
821 2690 898 2765 ictu,

228 2770 373 2831 confluere
390 2789 427 2830 ex
439 2771 504 2849 ipso
515 2780 637 2850 possunt
648 2770 790 2832 elementa
801 2774 934 2851 vaporis,

227 2863 257 2913 et
267 2853 350 2915 simul
362 2874 400 2915 ex
413 2853 461 2914 illa
473 2864 615 2933 quactum
627 2874 675 2915 res
687 2857 795 2934 excipit
806 2858 905 2923 ictum;

227 2946 273 3015 ut,
286 2936 408 3016 lapidem
419 2937 497 2998 ferro
510 2957 572 2997 oum
585 2939 746 3016 caedimus,
759 2938 856 3000 evolat
866 2941 958 3017 ignis,

161 3026 214 3082 ³1⁵
225 3038 297 3096 uec,
310 3020 387 3099 quod
401 3020 502 3098 frigida
513 3023 556 3081 vis
567 3022 680 3099 ierrist,
694 3022 751 3083 hoc
762 3025 853 3084 setius
864 3021 906 3082 illi

227 3104 334 3163 semina
347 3115 517 3165 concurrunt
532 3104 615 3166 calidi
626 3106 746 3183 iulgoris
758 3107 794 3166 ad
808 3109 904 3168 ictum.

227 3188 270 3247 sic
281 3188 367 3264 igitur
377 3205 492 3266 quoque
503 3208 551 3249 res
563 3189 681 3250 accendi
694 3189 811 3251 fulmine
823 3190 928 3269 debet,

227 3280 385 3349 opportuna
396 3271 447 3332 luit
464 3274 488 3332 si
500 3271 575 3333 forte
586 3283 615 3333 et
624 3274 726 3335 idonea
738 3273 863 3335 dammis.

226 3373 281 3415 nec
296 3363 404 3415 temere
416 3358 528 3416 omnino
539 3355 623 3435 plane
635 3360 678 3418 vis
690 3356 792 3435 frigida
802 3359 880 3418 uenti

161 3448 214 3502 320
224 3457 292 3499 esse
304 3447 419 3519 potest,
432 3456 466 3499 ea
481 3457 553 3517 quae
565 3450 638 3501 tanta
649 3443 678 3501 vi
688 3443 775 3503 urissa
785 3451 957 3520 sopemest,
