2340 3854
564 213 592 272 V

162 377 191 438 id
202 376 272 438 licet
284 377 350 439 binc
364 379 493 456 quamvis
504 377 602 439 hebeti
614 394 794 455 cognoscere
805 378 902 439 corde.

17 510 20 515 Α
97 469 152 524 800
165 462 304 541 principio
317 463 423 522 circum
434 461 524 521 tribus
534 462 606 521 netis
617 461 738 540 impiger
748 461 827 522 annis

162 543 245 604 floret
260 562 368 622 equus,
381 562 453 623 poer
463 543 530 604 haut
543 561 696 622 quaquam:
707 561 870 624 namsaepe
882 546 1051 610 etiamnunc

161 627 248 687 ubera
259 644 436 687 mammarum
446 628 474 685 in
485 628 591 687 somnis
602 625 733 685 lactantia
745 638 877 704 quaeret:

159 718 226 789 post
237 711 284 770 ubi
297 728 400 788 equum
410 707 520 769 validae
531 710 607 768 vires
618 717 711 769 aetate
722 719 841 770 senecta

159 793 340 871 membraque
351 793 484 852 deliciunt
497 790 617 867 fugienti
628 789 760 868 languida
769 794 840 869 vita,

96 885 148 940 885
161 885 219 937 tum
233 875 344 936 demum
355 877 452 955 pueris
464 891 536 934 aevo
549 874 668 934 florente
680 876 808 936 iuventas

159 959 266 1037 occipit
279 967 308 1018 et
320 957 397 1018 molli
410 960 496 1018 vestit
508 956 640 1034 lanugine
653 957 753 1027 malas;

158 1061 194 1102 ne
207 1042 281 1101 iorte
296 1060 334 1101 ex
343 1041 455 1102 homine
468 1051 497 1101 et
509 1042 639 1101 veterino
654 1043 761 1101 semiue
773 1058 910 1119 equorum

159 1126 273 1184 confieri
285 1126 385 1186 credas
397 1124 555 1185 Centauros
569 1141 656 1204 posse
669 1142 763 1202 neque
776 1143 862 1203 esse,

157 1217 204 1268 out
214 1208 317 1268 rabidis
329 1209 445 1269 canibus
459 1210 620 1268 succinctae
632 1208 814 1267 semimarinis

93 1299 145 1354 890
158 1291 325 1369 corporibus
338 1290 467 1366 Scyllas,
480 1299 510 1350 et
521 1299 618 1350 cetera
632 1289 787 1365 degenere
799 1288 914 1366 borum,

157 1377 231 1433 iuter
243 1392 276 1433 se
287 1390 406 1450 quorum
416 1372 557 1433 discordia
567 1372 691 1431 membra
702 1371 845 1441 videmus;

158 1474 230 1534 quae
245 1473 339 1533 neque
351 1455 507 1529 llorescunt
517 1457 622 1533 pariter
631 1473 686 1515 nec
696 1454 800 1514 robora
812 1470 922 1519 sumunt

158 1539 326 1618 corporibus
337 1557 431 1617 neque
444 1541 583 1616 proiciunt
595 1547 688 1600 aetate
699 1548 833 1616 senecta,

156 1641 212 1682 nec
226 1622 309 1683 simili
320 1623 436 1683 Venere
447 1622 599 1682 ardescunt
610 1639 665 1681 uec
677 1622 802 1682 moribus
814 1626 876 1685 unis

92 1715 144 1769 895
156 1708 342 1783 conveniunt,
355 1724 449 1784 neque
464 1715 528 1766 suut
539 1705 639 1765 endem
649 1704 770 1765 iucunda
779 1725 833 1784 per
844 1718 928 1769 anus.

157 1791 263 1867 quippe
274 1790 372 1850 videre
384 1789 452 1850 licet
464 1790 655 1868 pinguescere
669 1806 757 1867 saepe
771 1790 862 1850 cicuta

156 1872 321 1950 barbigeras
336 1872 481 1953 pecudes,
493 1873 597 1932 bomini
610 1889 683 1950 quae
698 1881 743 1932 est
754 1890 820 1934 acre
833 1893 980 1937 venenum.

158 1957 288 2032 denique
300 1955 407 2015 llaurma
418 1956 530 2033 quidem
542 1974 605 2015 oum
618 1973 738 2033 corpora
751 1955 827 2017 lulva
838 1958 951 2019 leonum

156 2049 211 2098 tam
223 2038 314 2098 soleat
328 2047 438 2098 torrere
452 2048 538 2114 atque
553 2055 635 2096 urere
647 2055 729 2114 quam
739 2057 830 2114 genus
844 2057 926 2100 omne

92 2130 145 2185 900
155 2123 275 2181 visceris
287 2121 315 2177 iu
329 2121 413 2179 terris
425 2121 622 2197 quodcumque
635 2128 664 2178 00
680 2122 822 2195 sanguinis
834 2132 929 2200 extet,

157 2207 205 2282 qui
217 2204 278 2262 lieri
290 2202 397 2280 potnit,
410 2202 514 2280 triplici
530 2220 593 2261 cum
605 2218 726 2279 corpore
738 2213 768 2261 ut
780 2223 850 2279 uua,

155 2289 242 2366 prima
258 2285 323 2363 leo,
336 2294 480 2364 postrema
491 2285 595 2362 draco,
607 2284 697 2344 media
708 2287 786 2365 ipsa,
800 2285 947 2349 Chimaera

157 2388 207 2430 ore
218 2370 294 2429 foras
307 2385 401 2430 acrem
414 2367 493 2430 llaret
505 2368 540 2429 de
553 2386 675 2447 corpore
691 2367 846 2431 lammam?

156 2471 243 2532 quare
255 2455 338 2513 etiam
349 2452 452 2513 tellure
463 2470 538 2513 nova
549 2453 688 2530 caeloque
700 2456 809 2515 recenti

93 2546 144 2599 905
156 2536 221 2597 talia
233 2538 279 2613 qui
295 2537 375 2613 lingit
389 2540 519 2615 potuisse
529 2537 656 2597 animalia
670 2538 766 2615 gigni,

156 2621 237 2678 nixus
249 2621 276 2677 iu
288 2619 343 2678 boc
354 2637 409 2678 runo
421 2623 552 2679 novitatis
564 2623 675 2679 nomine
686 2622 777 2698 inani,

156 2702 241 2762 multo
252 2701 321 2761 licet
332 2701 414 2761 simili
425 2702 653 2762 rationeellutiat
667 2719 735 2777 ore,

155 2803 239 2845 aurea
249 2794 308 2844 tum
319 2785 393 2844 dicat
404 2802 456 2863 per
467 2794 556 2844 terras
569 2783 680 2843 llumina
689 2783 777 2860 vulgo

156 2869 290 2943 lluxisse,
303 2877 332 2928 et
345 2868 463 2944 30000]ίο
476 2866 580 2926 florere
592 2866 706 2925 arbusta
717 2873 837 2943 suttsse,

90 2961 143 3016 900
154 2961 200 3011 out
211 2951 351 3011 hominem
362 2959 439 3011 tanto
450 2950 638 3010 membrorum
649 2967 716 3008 esse
728 2950 833 3027 impete
843 2960 953 3027 natum,

155 3035 326 3094 transmaria
337 3033 393 3094 alta
406 3033 510 3113 pedum
520 3035 599 3094 nisus
610 3041 640 3092 ut
651 3049 760 3111 ponere
773 3043 873 3110 posset

156 3127 185 3179 et
196 3118 321 3178 manibus
333 3126 421 3178 totum
434 3119 539 3177 circum
553 3135 587 3177 se
598 3124 713 3175 vertere
726 3113 843 3175 caelum.

154 3219 216 3260 nam
229 3200 305 3279 quod
315 3200 401 3261 multa
415 3201 496 3260 luero
510 3201 539 3259 in
552 3200 636 3260 terris
648 3199 755 3257 semina
766 3216 859 3259 rerum

153 3296 283 3363 tempore
295 3301 352 3362 quo
363 3287 481 3363 primum
492 3281 578 3344 tellus
587 3279 713 3343 mimalia
723 3281 810 3359 ludit,

90 3376 142 3430 915
152 3365 191 3426 nil
203 3376 296 3427 tamen
307 3377 353 3427 est
366 3370 440 3445 signi
450 3369 551 3426 mixtos
562 3367 691 3444 potuisse
702 3366 794 3426 creari

152 3452 226 3511 inter
236 3469 268 3510 se
280 3449 409 3529 pecudes
423 3457 627 3530 compactaque
638 3449 764 3510 membra
776 3449 960 3521 animantum,
