2340 3854
557 210 598 273 111

159 392 189 444 et
202 381 292 445 veluti
302 398 400 444 manus
410 389 458 443 aut
469 380 572 442 oculus
582 397 705 443 5555555
717 395 849 440 morsum

94 475 148 530 550
161 475 275 529 secreta
285 465 321 527 ab
332 465 416 531 nohis
428 473 574 545 nequeunt
587 466 695 527 sentire
706 481 802 543 neque
814 479 900 542 esse,

160 549 213 611 sed
223 560 317 611 tamen
330 551 360 609 in
370 565 459 628 parvo
470 549 613 610 lincuntur
621 559 754 626 tempore
766 547 827 608 tabi
834 592 843 624 ,

42 645 45 652 ·
159 635 202 694 sic
213 635 321 695 animus
331 651 385 712 per
394 651 428 694 se
440 649 497 693 non
510 634 569 712 quit
580 635 641 693 sine
655 647 778 710 corpore
790 641 820 692 et
830 632 895 708 ipso

159 721 226 779 e'sss
237 717 369 793 lromine,
383 716 461 776 illius
474 718 553 796 quasi
566 714 645 795 quod
654 731 706 776 ras
717 733 785 776 esse
796 714 925 794 uidetur,

158 802 221 861 sive
236 800 312 862 aliud
324 800 391 879 quid
401 801 446 860 vis
459 802 555 880 potius
571 801 748 861 coniunctius
760 799 788 858 ei

95 885 283 962 ottingene:
295 883 521 963 quandoquidem
537 901 649 946 conexu
662 900 768 963 corpus
778 882 913 944 adhaeret

160 968 299 1047 denique,
316 970 446 1047 corporis
459 977 545 1048 atque
558 970 642 1031 animi
653 969 746 1029 vivata
757 976 887 1046 potestas

158 1053 277 1115 intense
289 1053 439 1114 coniuncta
447 1051 545 1114 valent
558 1056 673 1133 vitaque
684 1053 828 1113 fruuntur:

158 1154 214 1196 neo
225 1138 287 1197 sine
299 1155 423 1215 corpore
440 1139 516 1198 enim
528 1138 623 1200 vitalis
634 1138 722 1198 edere
734 1147 829 1197 motus

159 1219 220 1280 sola
234 1231 330 1299 potest
343 1223 427 1282 animi
441 1238 495 1301 per
506 1241 539 1282 sc
554 1233 651 1283 natura
662 1230 824 1281 necantem

95 1313 147 1368 550
163 1321 275 1365 cassum
284 1307 376 1364 anima
393 1321 499 1384 corpus
511 1304 612 1366 durare
625 1315 654 1366 et
666 1304 799 1364 sensibus
811 1306 859 1364 uti.

159 1386 290 1466 scilicet,
303 1387 419 1450 avolsus
429 1388 572 1449 radicibus
583 1397 613 1448 ut
624 1391 722 1467 nequit
733 1385 818 1448 ullam

159 1471 303 1550 dispicere
318 1473 382 1550 ipse
395 1471 497 1532 oculus
508 1491 569 1533 rem
584 1489 714 1534 seorsum
727 1488 849 1552 corpore
863 1481 944 1552 toto,

158 1556 202 1617 sio
216 1557 306 1615 anima
320 1557 528 1635 atqueanimus
540 1576 593 1637 per
604 1577 637 1620 se
648 1557 687 1617 nil
699 1573 787 1637 posse
801 1558 915 1618 ridetur

157 1640 302 1717 nimirum,
315 1643 380 1719 quia
388 1660 448 1720 per
458 1659 546 1702 venas
560 1651 590 1703 et
601 1644 712 1704 viscera
724 1643 848 1719 mixtim,

94 1730 146 1786 565
160 1741 213 1803 per
224 1740 330 1784 nervos
340 1734 426 1804 atque
441 1742 524 1804 ossa,
537 1736 670 1787 tenentur
682 1742 806 1805 corpore
817 1725 853 1786 alt
868 1727 943 1786 omni

158 1826 213 1867 uec
224 1811 334 1886 magnis
345 1809 501 1872 intervallis
513 1812 665 1891 primordia
679 1820 799 1890 possunt

157 1890 248 1952 libera
259 1891 426 1972 dissultare,
442 1894 508 1954 ideo
521 1895 657 1955 conclusa
667 1904 818 1955 moventur

158 1974 316 2037 sensiferos
328 1988 440 2056 motus,
454 1995 527 2055 quos
538 1989 618 2039 extra
632 1995 737 2057 corpus
749 1980 777 2036 in
791 1995 874 2039 auras

158 2061 235 2118 afris
244 2059 311 2119 haut
323 2071 443 2138 possunt
456 2071 522 2138 post
534 2070 655 2120 mortem
667 2063 760 2121 eiecta
771 2063 880 2120 moveri

94 2149 146 2205 sto
160 2153 314 2222 propterea
325 2144 455 2222 quianon
470 2143 553 2206 simili
563 2145 673 2204 ratione
683 2151 830 2204 tenentur:

160 2243 266 2306 corpus
278 2229 353 2286 enim
364 2234 450 2306 atque
463 2229 589 2289 animans
604 2228 659 2288 erit
669 2233 735 2306 afr,
749 2230 773 2287 si
787 2227 923 2289 cohibere

158 2312 186 2369 in
201 2329 233 2372 se
248 2311 366 2371 animam
379 2319 463 2391 atque
478 2313 505 2371 in
522 2328 574 2373 eos
586 2313 690 2393 poterit
702 2310 877 2373 concludere
890 2323 999 2391 motus,

158 2412 232 2473 quos
242 2404 307 2455 ante
319 2397 347 2455 in
359 2398 454 2458 nervis
465 2406 495 2458 et
508 2398 536 2456 in
550 2399 615 2476 ipso
627 2413 751 2478 corpore
761 2397 873 2475 agebat.

159 2495 245 2557 quare
259 2481 342 2540 etiam
353 2490 438 2560 atque
451 2483 535 2542 etiam
550 2480 680 2544 resoluto
691 2483 821 2562 corporis
837 2484 912 2542 omni

93 2569 145 2624 575
160 2565 286 2641 tegmine
301 2573 331 2623 et
341 2566 442 2625 eiectis
454 2575 534 2625 extra
545 2566 677 2628 vitalibus
688 2569 763 2628 auris

158 2644 276 2706 dissolui
288 2665 390 2709 sensus
400 2650 482 2708 animi
492 2649 600 2709 fateare
612 2660 765 2712 necessest
832 2685 838 2696 ·

157 2737 242 2807 atquc
253 2731 388 2807 animam,
403 2733 534 2810 quoniam
546 2735 723 2795 coniunctast
738 2750 822 2792 causa
835 2731 954 2792 duobus.

199 2812 331 2890 Denique
344 2831 408 2873 cum
420 2830 526 2892 corpus
540 2824 664 2894 nequeat
674 2815 806 2894 perferre
817 2817 917 2874 animai

157 2894 321 2974 discidium,
334 2898 401 2975 quin
413 2898 441 2957 in
454 2906 547 2959 taetro
557 2898 686 2961 tabescat
697 2898 804 2975 odore,

92 2987 144 3042 580
158 2981 225 3059 quid
236 2981 348 3042 dubitas
362 2983 428 3061 quin
443 3001 482 3042 ex
492 2983 548 3044 imo
564 2984 735 3064 penitusque
752 2992 849 3044 coorta

156 3067 291 3126 emanarit
306 3067 346 3127 uti
358 3066 451 3127 fumus
465 3066 566 3130 diffusa
579 3070 688 3129 animae
703 3068 767 3143 vis,

155 3156 240 3227 atque
252 3149 317 3210 ideo
327 3160 404 3212 tanta
414 3160 547 3212 mutatum
560 3161 643 3232 putre
654 3153 733 3210 ruina

157 3233 313 3295 conciderit
325 3251 448 3313 corpus,
463 3237 576 3313 penitus
591 3237 655 3315 quia
666 3244 742 3296 mota
753 3233 821 3295 loco
835 3244 898 3298 sunt

155 3315 349 3398 fundamenta,
365 3320 441 3381 foras
452 3330 581 3384 manante
595 3320 685 3381 anima
696 3338 788 3399 usque
802 3337 856 3400 per
868 3330 946 3382 artus

91 3407 142 3462 585
156 3415 266 3479 perque
280 3404 387 3464 riarum
399 3406 489 3466 omnis
505 3403 613 3484 flexus,
629 3407 656 3465 in
668 3421 791 3484 corpore
804 3407 852 3484 qul
866 3414 947 3484 sunt,

153 3492 239 3562 atque
253 3484 409 3547 foramina?
424 3487 595 3551 multimodis
610 3500 640 3551 ut
651 3506 774 3551 noscere
789 3491 885 3569 possis
