2340 3854
544 234 584 297 tl

159 405 249 465 multa
259 413 353 464 meant
362 403 475 462 inimica
486 419 540 482 per
549 403 641 480 auris,
654 402 741 464 multa
755 420 809 482 per
820 405 898 484 ipsas

159 490 299 549 insinuant
309 487 384 546 uaris
395 485 499 545 iuiesta
510 494 596 564 atque
607 480 709 563 aspera
720 486 837 565 adactu,

160 590 214 632 nec
226 579 291 633 sunt
303 567 388 628 multa
399 585 497 646 parurn
510 577 587 629 tactu
598 569 708 629 vitanda
721 588 815 649 neque
826 580 919 633 autem

96 661 148 718 180
158 662 278 733 aspectu
294 650 427 729 fugienda
439 667 601 730 saporeque
613 653 703 713 tristia
715 671 787 730 quae
800 656 865 715 sint.

200 735 311 797 Deinde
323 735 421 795 videre
432 733 502 794 licet
515 751 598 812 quam
608 733 711 796 multae
722 738 778 796 siut
789 736 893 796 bomini
905 753 955 797 res

159 823 263 881 acriter
273 817 394 879 infestae
406 835 493 878 seusu
504 835 684 897 spurcaeque
696 836 872 898 manesque:

159 904 308 964 arboribus
319 904 437 980 primum
453 904 539 963 certis
550 904 644 978 gravis
656 903 753 963 umbra
763 905 867 964 tributa

161 985 353 1065 usqueadeo,
367 985 466 1063 eapitis
478 984 582 1046 iaciant
591 995 622 1045 ut
633 1003 722 1065 saepe
735 985 869 1064 dolores,

95 1078 147 1134 tas
159 1072 248 1149 siquis
260 1087 309 1129 eas
321 1078 420 1148 supter
434 1068 519 1130 iacuit
529 1079 687 1147 prostratus
699 1073 727 1129 in
738 1070 844 1131 herbis.

159 1163 204 1215 est
215 1155 298 1212 etiam
308 1153 418 1230 magnis
429 1150 575 1212 Heliconis
586 1154 728 1213 montibus
741 1155 825 1214 arbos

159 1238 235 1296 floris
247 1236 336 1295 odore
347 1235 489 1294 bominem
500 1244 590 1295 taetro
602 1244 738 1309 consueta
749 1255 861 1296 necare.

158 1319 287 1398 scilicet,
300 1319 373 1378 baec
385 1317 450 1378 ideo
461 1320 545 1378 terris
557 1337 595 1378 ex
606 1320 697 1378 omnia
708 1330 828 1397 surgunt

158 1402 244 1463 multa
254 1401 345 1462 modis
358 1400 453 1463 multis
466 1401 613 1461 multarum
625 1403 731 1463 semina
741 1421 854 1480 rerum,

95 1494 149 1549 790
160 1486 236 1565 qnod
247 1487 385 1565 permixta
396 1487 470 1562 gerit
482 1485 567 1545 tellus
579 1485 760 1563 discretaque
772 1487 862 1547 tradit.

158 1579 382 1647 nocturnumque
397 1586 500 1629 recens
513 1571 667 1628 extinctum
679 1568 773 1629 lumen
787 1571 834 1630 ubi
847 1572 905 1631 aori

157 1652 256 1713 nidore
268 1652 386 1713 offendit
396 1669 496 1729 nares,
511 1653 641 1730 consopit
654 1652 758 1712 ibidem

158 1737 311 1798 concidere
325 1744 354 1797 et
366 1752 480 1815 spumas
493 1737 540 1813 qui
551 1736 650 1795 morbo
662 1737 773 1796 mittere
786 1738 887 1797 suevit.

159 1829 348 1898 castoreoque
359 1821 439 1897 grani
451 1820 552 1880 mulier
562 1822 654 1898 sopita
665 1822 823 1899 recumbit,

92 1909 146 1966 795
157 1913 187 1963 et
197 1904 324 1963 manibus
335 1902 450 1962 nitidum
462 1905 568 1964 teneris
584 1919 657 1981 opus
668 1903 759 1964 effluit
770 1907 815 1981 ei,

157 1996 287 2064 tempore
299 2004 335 2046 eo
347 1989 371 2047 si
383 1985 526 2046 odoratast
539 2003 595 2063 quo
607 1997 749 2046 menstrua
761 1986 855 2047 solvit.

156 2068 299 2148 multaque
311 2079 461 2148 praeterea
472 2068 632 2144 languentia
642 2069 767 2145 membra
778 2086 832 2147 per
842 2080 918 2131 artus

158 2152 273 2213 solvunt
288 2162 373 2231 atque
385 2153 501 2212 animam
516 2149 687 2211 labefactant
698 2151 815 2212 sedibus
827 2155 910 2220 intus.

158 2235 280 2315 denique
290 2239 314 2296 si
327 2235 425 2297 calidis
438 2236 522 2294 etiam
535 2243 669 2293 cunctare
681 2232 803 2294 lavabris

91 2327 145 2382 8⁰0
156 2318 268 2398 plenior
278 2329 308 2379 ct
318 2318 440 2395 laveris,
454 2316 527 2378 solio
539 2316 676 2377 ferventis
688 2320 769 2396 aquai

157 2420 239 2480 quam
254 2401 338 2463 facile
350 2404 378 2461 iu
388 2402 482 2462 medio
494 2401 524 2460 lit
539 2403 580 2460 uti
594 2398 645 2461 des
660 2419 748 2480 saepe
760 2404 869 2464 ruinas!

158 2485 368 2561 carbonumque
381 2487 475 2562 gravis
487 2487 530 2545 vis
542 2494 626 2564 atque
640 2486 712 2545 odor
722 2487 876 2548 insinuatur

157 2585 239 2647 quam
250 2565 334 2625 iaeile
347 2568 375 2624 in
386 2569 553 2643 cerebrum,
565 2570 619 2627 nisi
631 2587 730 2647 aquarn
742 2574 939 2650 praecepimus
952 2570 1032 2631 antei

155 2661 183 2711 at
198 2666 261 2708 curn
271 2648 397 2706 membra
409 2647 508 2708 domus
520 2652 652 2725 percepit
663 2650 800 2709 fervidior
813 2656 874 2728 vis,

92 2743 144 2798 805
157 2745 214 2795 tum
226 2732 256 2791 iit
268 2729 339 2789 odor
349 2731 400 2788 riri
412 2729 514 2807 plagae
526 2729 681 2789 mactabilis
693 2733 788 2792 instar.

156 2834 250 2878 nonne
262 2813 342 2874 vides
354 2814 437 2872 etiam
447 2821 521 2872 terra
533 2829 647 2890 quoque
659 2812 758 2891 sulpur
770 2815 797 2872 in
808 2818 868 2894 ipsa

156 2901 269 2978 gignier
282 2907 312 2958 et
326 2906 416 2958 taetro
429 2912 620 2956 concrescere
633 2895 722 2955 odore
733 2895 873 2965 bitumen;

156 2983 279 3063 denique
291 2983 338 3043 ubi
352 2981 462 3059 argenti
472 2997 559 3040 venas
571 2980 688 3056 aurique
700 2987 852 3055 secuntur,

156 3069 240 3128 terrai
251 3068 364 3146 penitus
376 3072 535 3125 scrutantes
546 3061 638 3122 abdita
649 3061 743 3137 ferro,

92 3157 145 3213 810
157 3149 248 3229 qualis
261 3151 373 3230 expiret
383 3144 571 3227 Scaptensula
585 3145 683 3206 subter
694 3141 819 3206 odores?

158 3232 262 3312 quidve
272 3231 337 3294 mali
350 3234 380 3293 llt
391 3242 421 3292 ut
434 3228 567 3291 erbalent
577 3238 671 3291 aurata
682 3227 808 3290 metalla!

158 3333 228 3395 quas
240 3315 381 3377 hominnm
392 3314 512 3375 reddunt
523 3312 613 3374 facies
624 3310 773 3391 qualisque
786 3309 918 3373 colores!

157 3417 251 3460 nonne
263 3400 344 3461 vides
355 3399 471 3459 audisve
484 3398 579 3476 perire
591 3398 759 3475 intempore
770 3412 859 3475 parvo

158 3500 240 3561 quam
251 3481 377 3562 soleant,
390 3492 419 3543 et
430 3497 512 3561 qnam
522 3480 588 3540 vitai
601 3480 683 3562 copia
697 3479 790 3556 desit,
