2340 3854
138 177 181 243 82
623 175 663 235 lll

269 344 400 422 Denique
414 360 465 404 cur
475 343 549 402 acris
562 339 696 402 violentia
707 342 789 403 triste
800 341 913 403 leonum

161 436 214 492 fit)
225 429 372 490 seminium
386 426 531 503 sequitur,
543 423 649 504 volpes
660 424 760 503 dolus,
773 436 802 486 ot
813 426 880 504 fuga
892 444 1018 509 ceruos,

228 513 254 591 [a
267 510 393 591 patribus
404 509 485 569 datur
493 518 523 569 ct
533 511 641 588 patrius
653 527 742 587 pavor
753 511 850 571 incitet
860 511 949 589 artus]

227 605 256 656 et
268 597 321 654 iam
334 603 431 654 cetera
443 592 479 652 de
489 610 598 669 genere
614 592 671 652 hoo
683 611 735 654 cur
745 597 837 654 omniu
847 594 984 655 memhris

227 697 263 739 ex
277 680 392 739 ineunte
403 693 475 737 aevo
487 685 679 753 generascunt
693 679 884 757 ingenioque,

229 766 252 822 si
267 779 340 839 non,
355 771 434 822 certa
445 776 498 820 suo
511 761 575 838 qnia
587 762 696 820 semine
708 762 886 840 seminioque

164 853 215 907 775
225 849 269 906 vis
282 846 364 905 animi
377 845 483 923 pariter
495 845 601 904 crescit
613 862 677 904 cum
689 862 813 924 corpore
824 843 907 906 totol

228 929 304 1008 quod
316 931 340 989 si
352 926 506 988 inmortalis
518 927 592 986 foret
606 937 636 987 et
645 938 753 988 mutare
765 927 875 989 soleret

229 1030 367 1091 corpora,
379 1011 526 1090 permixtis
536 1013 692 1072 animantes
704 1013 830 1073 moribus
845 1021 961 1090 essent,

229 1097 368 1174 eflugeret
382 1095 460 1155 cauis
472 1093 605 1170 Hyrcano
616 1094 652 1155 de
663 1097 772 1156 semine
785 1114 874 1175 saepe

229 1181 370 1258 cornigeri
381 1180 523 1239 incursum
535 1181 631 1256 cerri,
645 1188 839 1257 tremeretque
852 1197 904 1257 per
914 1197 999 1240 cums

165 1273 216 1327 750
227 1266 302 1324 aeris
314 1265 453 1343 accipiter
464 1263 577 1340 fugiens
588 1263 721 1324 veniente
735 1262 882 1340 columba,

228 1348 394 1426 desiperent
406 1347 552 1424 homines,
565 1357 700 1426 saperent
711 1347 773 1407 fera
784 1345 881 1409 saecla
893 1346 1030 1407 ferorum.

228 1430 297 1491 illud
309 1434 382 1491 enim
394 1430 465 1491 falsa
473 1431 563 1490 fertur
572 1433 699 1509 ratione,
716 1430 793 1510 quod
804 1434 880 1490 aiunt

227 1514 402 1575 inmortalem
413 1517 530 1574 animam
541 1524 645 1575 mutato
659 1532 781 1594 empore
794 1515 872 1575 flecti
879 1538 886 1575 :

229 1599 304 1676 quod
315 1607 435 1657 mutatur
446 1600 521 1657 enim
532 1597 715 1677 dissolvitur,
727 1600 821 1659 interit
833 1615 912 1676 ergo.

165 1690 215 1744 755
227 1683 390 1742 traiciuntur
402 1684 476 1742 enim
488 1691 584 1760 partes
596 1690 680 1760 atque
693 1681 790 1742 ordine
803 1684 935 1760 migraut;

230 1784 316 1843 quare
329 1765 446 1825 dissolui
458 1783 572 1843 quoque
585 1765 690 1826 debent
704 1784 792 1845 posse
803 1784 856 1845 per
866 1776 960 1845 artus,

231 1849 353 1926 denique
365 1860 395 1908 ut
408 1851 547 1909 intereant
559 1868 612 1908 uua
625 1867 688 1909 cum
703 1868 825 1929 corpore
837 1859 968 1912 cunctae.

230 1935 272 1993 sin
285 1935 389 1992 animas
401 1931 543 1992 hominurn
554 1932 649 1993 dicent
661 1935 688 1993 in
701 1951 822 2012 corpora
833 1951 967 2013 semper·

229 2019 270 2077 ire
282 2017 415 2093 humana,
432 2027 524 2077 tamen
536 2035 666 2094 quaeram
679 2036 757 2078 cure
773 2019 893 2097 sapienti

168 2110 220 2164 760
231 2101 316 2162 stulta
330 2111 415 2179 queat
426 2102 503 2178 lieri,
516 2120 571 2161 neo
583 2101 708 2180 prudens
720 2103 757 2162 sit
769 2119 840 2180 puer
855 2099 952 2162 ullus?

232 2185 267 2264 [si
279 2202 335 2244 non
348 2196 426 2246 certa
438 2203 490 2246 suo
502 2187 567 2263 qnia
578 2188 687 2245 semiue
699 2186 874 2263 seminioque
947 2253 951 2258 ,

229 2287 284 2328 nec
296 2278 350 2328 tam
362 2268 462 2329 doctus
475 2285 565 2345 equae
579 2268 674 2346 pullus
686 2287 768 2347 quam
779 2267 860 2329 fortis
871 2270 937 2347 equi
950 2270 1008 2348 ris}

233 2350 360 2428 scilicet,
372 2353 401 2411 iu
412 2360 512 2411 tenero
524 2361 708 2412 tenerascere
721 2369 843 2430 corpore
854 2362 978 2414 mentem

231 2433 405 2511 confugient.
419 2434 494 2513 quod
506 2435 530 2493 si
542 2436 595 2492 iam
607 2436 654 2511 sc,
667 2435 773 2495 fateare
788 2446 942 2498 necessest

166 2526 217 2581 765
231 2517 376 2576 mortalem
389 2536 455 2576 esse
467 2519 601 2595 animam,
614 2520 743 2596 quoniam
755 2529 858 2580 mutata
870 2538 923 2599 per
933 2531 1012 2583 artus

230 2611 307 2662 tanto
319 2618 409 2680 opere
421 2602 520 2661 amittit
531 2603 615 2661 vitam
627 2620 800 2682 sensumque
812 2607 946 2683 priorem.

231 2703 325 2764 quove
337 2683 420 2744 modo
434 2688 538 2765 poterit
550 2689 656 2765 pariter
667 2706 730 2748 cum
742 2706 865 2767 corpore
877 2707 992 2768 quoque

232 2770 392 2829 confirmatu
404 2772 527 2849 cupitum
539 2773 637 2833 aetatis
649 2781 768 2850 tangere
783 2772 882 2833 forem

230 2853 273 2912 vis
285 2856 384 2932 animi,
397 2856 450 2915 nisi
463 2857 515 2914 erit
529 2873 648 2917 consors
660 2858 688 2915 in
700 2859 810 2933 origine
823 2854 931 2933 prima?

169 2940 218 2996 770
231 2935 333 3012 quidve
346 2939 422 3000 foras
435 2939 489 2998 sihi
503 2937 564 2997 vult
576 2940 709 2999 membris
722 2942 800 2998 exire
812 2934 959 2997 senectis?

231 3035 263 3077 an
276 3023 373 3080 metuit
385 3021 521 3081 conclusa
533 3039 647 3080 manere
662 3024 690 3080 in
703 3038 825 3098 corpore
838 3020 929 3096 putri,

231 3112 260 3163 et
275 3101 373 3164 domus
385 3107 485 3165 aetatis
498 3106 589 3183 spatio
600 3122 637 3163 ne
648 3103 726 3164 fessa
739 3111 853 3161 vetusto

233 3183 352 3247 obruat?
364 3197 392 3246 at
408 3206 464 3248 nou
477 3197 541 3248 sunt
552 3185 700 3248 immortuli
712 3185 768 3245 ulla
779 3184 896 3264 pericla.

273 3269 403 3346 Denique
416 3272 536 3330 conubia
547 3271 581 3331 ad
593 3271 714 3330 Veneris
728 3278 882 3349 partusque
896 3270 1018 3330 ferarum

44 3352 150 3411 Γ
171 3367 221 3425 775
231 3373 299 3418 esse
310 3354 413 3414 animus
425 3363 540 3430 praesto
552 3352 737 3415 deridiculum
749 3353 955 3432 emendetur,

163 3514 166 3519 1
232 3447 386 3519 expectare
398 3435 560 3498 immortalis
572 3436 698 3500 mortalia
709 3438 833 3499 membra
