2340 3854
138 200 202 266 llo
623 202 654 260 V

160 378 213 432 765
225 365 301 446 quod
311 364 406 427 radios
416 366 600 442 interrumpat
613 363 766 442 lumenque
777 363 946 442 profusum?

225 460 255 511 et
266 459 359 512 tamen
370 451 433 528 ipsa
446 464 501 508 suo
511 448 536 508 si
547 446 631 525 fulgit
643 446 709 506 luna
719 449 831 524 nitore,

225 551 276 592 cur
286 540 410 610 nequeat
421 539 499 591 certa
510 529 603 590 mundi
618 530 810 607 languescere
821 541 921 610 parta,

226 616 290 675 dum
304 614 369 674 loca
379 613 529 674 luminibus
542 616 665 693 propriis
677 615 787 673 inimica
797 630 852 692 per
862 613 946 676 exiti

268 696 351 770 Quod
363 705 514 776 superest,
526 699 657 776 quoniam
666 698 760 774 magni
774 715 829 776 per
838 698 954 760 caerula
967 699 1068 763 mundi

161 790 213 845 770
227 800 281 860 qua
294 781 355 841 lieri
367 780 502 858 quicquid
513 789 615 859 posset
625 782 734 839 ratione
744 779 872 858 resolvi,

226 862 297 924 solis
308 865 348 923 uti
360 865 454 922 varios
467 881 567 923 cursus
579 862 721 941 lunaeque
731 873 841 924 meatus

225 964 349 1006 noscere
363 963 514 1024 possemus
530 964 603 1023 quae
612 949 656 1006 vis
668 955 698 1005 et
709 963 796 1007 causa
806 949 915 1025 cieret,

226 1047 321 1107 quove
332 1027 417 1089 modo
424 1038 549 1106 possent
563 1029 672 1089 offecto
683 1028 788 1089 lumine
800 1030 882 1090 obire

226 1121 256 1173 et
267 1129 362 1189 neque
372 1113 512 1191 opinantis
524 1111 651 1172 tenebris
664 1111 811 1172 obducere
824 1123 933 1191 terras,

161 1204 212 1259 775
225 1214 289 1255 cum
303 1197 384 1273 quasi
396 1197 529 1255 conivent
540 1204 570 1254 et
581 1204 680 1272 aperto
692 1195 797 1256 lumine
808 1214 920 1257 mmmm

226 1281 317 1338 omnia
329 1279 478 1339 convisunt
489 1277 564 1337 clara
574 1277 640 1338 loca
651 1276 768 1337 candida
778 1277 862 1355 luca,

224 1380 299 1421 nunc
312 1359 401 1420 redeo
415 1359 450 1420 ad
460 1359 555 1420 mundi
566 1362 719 1421 novitatem
730 1370 760 1420 et
771 1360 867 1421 mollia
879 1372 975 1423 terrae

224 1462 307 1519 arva,
318 1459 395 1503 novo
406 1442 467 1503 ietu
478 1443 545 1522 quid
557 1445 676 1522 primum
690 1445 717 1501 in
728 1443 838 1504 luninis
850 1461 915 1506 om

224 1526 329 1588 tollere
342 1535 372 1586 et
384 1528 501 1586 incertis
514 1528 619 1586 crerint
631 1529 809 1587 committere
820 1530 922 1588 rents.

161 1619 214 1674 780
268 1608 411 1687 Principio
424 1626 516 1687 genus
526 1609 677 1670 barbarum
687 1610 863 1689 viridemque
873 1613 996 1671 nitorem

225 1703 300 1754 terra
315 1691 392 1752 dedit
403 1693 508 1751 circum
523 1692 607 1753 collis
619 1709 793 1772 camposque
803 1711 857 1771 per
870 1695 979 1771 omme,

226 1775 324 1835 dorida
335 1774 475 1834 iudserunt
488 1773 617 1835 viridanti
631 1784 710 1854 prata
722 1775 838 1854 colore,

225 1857 432 1934 arboribusque
445 1858 566 1918 datumst
576 1860 662 1918 variis
674 1858 778 1919 exinde
790 1876 843 1937 per
853 1877 936 1921 auras

226 1941 375 2002 crescendi
386 1950 522 2018 magnum
527 1942 649 2002 inmissis
662 1951 806 2002 certamen
819 1943 948 2004 babonis.

162 2035 213 2089 785
226 2035 257 2084 ut
268 2023 362 2104 pluma
373 2033 458 2103 atque
469 2023 520 2102 pili
533 2027 652 2103 primum
662 2034 818 2105 saetaeque
830 2034 963 2086 creantur

225 2107 427 2188 quadripedum
437 2108 571 2168 membris
583 2117 612 2168 et
627 2125 750 2186 corpore
761 2111 1015 2188 pennipotentum,

225 2194 268 2252 sic
279 2209 352 2251 nova
362 2201 421 2250 tum
432 2189 519 2251 tellus
530 2190 635 2251 herbae
645 2190 826 2270 virgultaque
837 2193 957 2270 primum

223 2273 354 2350 sustulit,
366 2273 432 2333 inde
443 2273 501 2333 loci
516 2273 642 2333 mendis
652 2273 750 2333 saecla
760 2277 869 2335 crearit

223 2358 310 2416 multa
321 2356 412 2416 modis
423 2356 519 2416 multis
529 2359 606 2416 varia
617 2359 726 2416 ratione
739 2366 846 2416 coorta.

161 2448 213 2503 700
225 2458 288 2499 nam
298 2457 392 2516 neque
405 2438 440 2498 de
453 2438 535 2498 caelo
548 2439 691 2499 cecidisse
704 2439 833 2499 animalia
843 2449 985 2519 possunt,

223 2541 279 2582 nec
289 2521 436 2582 terrestria
448 2520 483 2579 de
495 2520 579 2582 salsis
591 2523 689 2582 exisse
701 2521 826 2582 lacunis:

225 2605 360 2684 linquitur
373 2613 404 2664 ut
414 2606 515 2663 merito
526 2614 681 2664 maternum
690 2623 794 2665 nomen
805 2604 908 2684 adepta

224 2698 299 2749 terra
314 2691 368 2766 sit,
380 2706 398 2748 e
410 2697 485 2748 terra
498 2690 628 2766 quoniam
638 2698 703 2749 sunt
718 2697 820 2749 cuncta
831 2697 937 2749 creata.

224 2771 367 2851 multaque
381 2790 455 2831 nunc
468 2773 552 2831 etiam
563 2774 688 2831 existunt
702 2771 829 2831 unimodis
840 2771 943 2850 terris,

161 2863 211 2918 795
223 2856 359 2915 imbribus
373 2864 404 2915 et
416 2853 508 2914 ualido
520 2853 590 2914 solis
603 2863 738 2915 concreta
748 2873 871 2934 vapore;

225 2956 281 3017 quo
295 2941 385 2998 minus
397 2947 443 2998 est
453 2940 569 3013 mirum,
584 2939 608 2999 si
619 2948 678 2997 tum
690 2948 755 2999 eunt
765 2937 847 3017 plura
858 2945 958 2998 coorta

224 3031 253 3081 et
265 3023 384 3098 maiora,
397 3038 471 3080 nova
482 3020 586 3080 tellure
598 3030 685 3099 atque
696 3020 814 3081 aethere
826 3020 929 3081 adulta.

223 3105 363 3183 principio
374 3123 465 3182 genus
477 3103 592 3163 alituum
603 3106 756 3183 variaeque
766 3104 903 3164 volucres

224 3203 278 3246 ova
289 3186 485 3265 relinquebant
497 3186 634 3247 exclusae
644 3197 775 3267 tenpore
788 3205 896 3265 verno,

160 3279 212 3334 800
223 3268 368 3330 folliculos
381 3279 411 3329 ut
427 3288 501 3330 nune
511 3273 613 3332 teretis
623 3280 734 3332 aestate
744 3271 861 3332 cicadae

222 3353 330 3413 lincunt
344 3362 448 3432 sponte
458 3372 509 3414 sua
520 3355 626 3414 victum
634 3356 778 3433 vitamque
790 3363 937 3435 petentes.

221 3447 280 3497 tum
289 3437 340 3496 tibi
351 3446 426 3497 terra
437 3437 513 3498 dedit
525 3440 630 3517 passim
641 3437 768 3500 mortalia
778 3437 884 3500 saecla
