2340 3854
635 221 648 280 Ι

223 401 286 443 oum
303 381 515 461 conduxerunt,
528 385 626 462 patelit
638 384 713 463 quod
726 401 847 460 cumque
865 394 995 466 creatum

224 465 287 524 dum
303 475 488 544 tempestates
498 467 598 528 adsunt
609 479 639 528 et
652 468 744 528 uirida
753 465 839 527 tellus

222 558 283 610 tuto
296 568 344 609 res
356 559 469 610 teneras
482 551 565 610 ellert
577 555 604 610 in
616 551 726 613 luminis
739 547 824 610 oras?

163 641 212 695 180
228 634 339 711 quodsi
352 633 387 693 de
399 633 457 693 nilo
469 635 584 712 fierent,
598 635 692 696 subito
705 643 891 695 exorerentur

223 719 334 776 incerto
345 720 437 795 spatio
450 729 534 797 atque
546 719 646 780 alienis
657 720 783 797 partibus
794 721 872 785 anni;

224 801 329 879 quippe
342 801 389 860 ubi
400 801 475 860 nulla
488 803 580 862 lorent
592 803 757 880 primordia,
773 820 844 882 quae
860 803 976 880 genitali

224 884 349 944 coneilio
362 893 482 963 possent
493 889 584 945 areeri
597 896 726 964 tempore
741 889 846 965 iniquo.

223 985 279 1027 neo
293 985 378 1046 porro
391 968 527 1046 augendis
538 971 624 1029 rebus
637 972 729 1049 spatio
744 971 819 1030 foret
831 988 915 1048 usus,

161 1059 210 1113 185
226 1053 339 1110 seminis
352 1051 387 1111 ad
400 1054 520 1129 coitum,
538 1055 562 1113 si
574 1072 591 1112 e
603 1052 661 1113 nilo
674 1072 808 1113 erescere
820 1063 940 1132 possent

223 1153 285 1194 nam
297 1136 397 1195 llerent
409 1137 527 1196 iuvenes
539 1137 633 1197 subito
646 1155 682 1196 ex
693 1136 837 1196 infantibu'
849 1139 962 1215 parvis,

224 1239 240 1279 e
253 1228 383 1297 terraque
397 1230 495 1280 exorta
506 1230 629 1298 repente
641 1222 753 1280 arbusta
766 1219 889 1280 salirent.

223 1321 341 1381 quorum
356 1303 393 1362 nil
407 1304 467 1363 beri
478 1304 655 1364 manifestum
670 1314 731 1382 est,
749 1305 839 1363 onmia
850 1304 962 1381 quando

223 1386 355 1465 paulatim
368 1397 517 1465 crescunt,
531 1397 561 1447 ut
577 1406 628 1466 par
638 1397 683 1448 est
694 1390 801 1448 semine
815 1397 896 1447 oerto

159 1477 209 1532 190
226 1488 377 1546 crescere,
395 1488 501 1549 resque
513 1490 604 1549 genus
617 1481 745 1539 servant;
761 1481 790 1530 ut
801 1488 925 1531 noscere
936 1472 1033 1550 possis

223 1554 346 1630 quicque
359 1571 409 1611 sua
421 1553 456 1613 de
473 1556 588 1613 materia
602 1555 794 1630 grandescere
806 1552 909 1631 alique.

222 1635 278 1695 huo
290 1635 401 1696 aceedit
413 1639 451 1696 uti
463 1639 523 1696 sine
541 1639 627 1698 certis
639 1637 773 1696 imbribus
789 1639 851 1695 anni

168 1753 171 1756 ⁴
222 1718 362 1779 laetificos
376 1730 499 1798 nequeat
512 1720 586 1780 letus
601 1721 766 1780 submittere
779 1718 881 1796 tellus,

222 1821 277 1862 neo
292 1820 378 1880 porro
390 1813 503 1864 secreta
516 1805 580 1863 cibo
591 1813 686 1863 natura
698 1805 863 1863 animantum

159 1894 210 1949 195
225 1903 383 1964 propagare
394 1905 486 1964 genus
498 1890 590 1965 possit
605 1890 746 1964 vitamque
757 1888 845 1953 tueri;

223 1979 252 2030 ut
267 1971 361 2047 potius
379 1969 472 2031 multis
486 1972 641 2031 eommunia
654 1988 774 2049 corpora
786 1970 872 2029 rebus

221 2054 306 2113 multa
318 2062 402 2133 putes
417 2073 502 2132 esse,
515 2065 545 2115 ut
561 2055 657 2115 verbis
670 2053 812 2114 elementa
825 2051 969 2131 ridemus,

221 2156 304 2215 quam
316 2140 376 2198 sine
386 2139 532 2218 principiis
546 2137 629 2197 ullam
640 2157 699 2198 rem
712 2140 837 2198 existere
848 2154 945 2214 posse.

221 2221 342 2300 denique
357 2240 407 2281 our
418 2221 546 2282 homines
557 2232 650 2282 tantos
662 2231 757 2280 natura
769 2238 868 2300 parare

157 2315 210 2367 200
219 2322 281 2363 non
292 2307 400 2382 potuit,
413 2304 535 2382 pedibus
549 2307 596 2382 qui
608 2314 723 2383 pontum
734 2322 788 2381 per
798 2301 869 2361 vada
881 2311 1001 2380 possent

221 2389 339 2448 transire
353 2398 382 2447 et
392 2405 511 2465 magnos
522 2388 649 2447 manibus
663 2385 800 2447 divellere
816 2387 917 2445 montis

221 2469 364 2548 multaque
375 2471 499 2530 vivendo
511 2470 606 2530 vitalia
617 2471 734 2530 uincere
749 2468 861 2545 saecla,

116 2601 121 2608 ,
221 2556 329 2631 sinon,
342 2556 474 2614 materies
486 2556 550 2632 quia
566 2555 652 2614 rebus
664 2552 772 2613 reddita
785 2561 891 2613 certast

221 2637 389 2715 gignundis,
403 2657 419 2698 e
431 2655 485 2716 qua
501 2647 612 2698 constat
624 2636 690 2716 quid
701 2638 793 2716 possit
805 2633 890 2695 oriri?

157 2733 208 2784 205
224 2722 262 2780 nil
275 2723 361 2799 igitur
372 2721 432 2781 fieri
446 2721 481 2781 de
493 2721 551 2781 nilo
563 2738 652 2800 posse
664 2719 851 2797 fatendumst,

221 2807 328 2866 semine
345 2804 455 2883 quando
468 2823 540 2884 opus
556 2815 601 2864 est
612 2805 716 2881 rebus,
735 2821 791 2882 qno
805 2820 935 2882 quaeque
952 2811 1061 2862 creatar-

222 2891 296 2948 atris
307 2892 334 2948 in
346 2898 459 2949 teneras
470 2891 581 2967 possint
592 2888 748 2966 proferrier
759 2905 849 2946 auras.

221 2982 367 3050 postremo
380 2970 510 3051 quoniam
520 2970 634 3031 incultis
647 2981 793 3050 praestare
804 2969 932 3030 ridemus

221 3056 295 3116 culta
307 3055 371 3115 loca
386 3066 415 3117 et
426 3057 552 3116 manibus
564 3054 689 3115 melioris
701 3054 821 3114 reddere
837 3054 929 3130 letus,
991 3123 993 3128 Ι

155 3150 207 3201 210
225 3159 291 3200 esse
304 3139 440 3200 videlieet
452 3142 480 3199 in
491 3141 575 3199 terris
586 3137 738 3218 primordia
748 3155 857 3213 rerum,

222 3241 295 3301 quae
307 3242 360 3284 nos
372 3223 509 3284 fecundas
520 3231 667 3283 vertentes
678 3239 795 3281 vomere
807 3221 908 3298 glebas

222 3309 364 3385 terraique
377 3307 469 3367 solum
481 3307 648 3383 subigentes
662 3308 751 3365 cimus
762 3303 796 3363 ad
808 3313 901 3364 ortus:

223 3390 298 3467 quod
313 3394 336 3449 si
349 3389 425 3450 nulla
437 3391 548 3466 forent,
560 3398 659 3450 nostro
671 3390 732 3448 sine
744 3405 874 3469 quaeque
887 3385 987 3448 labore

222 3482 325 3551 sponte
338 3492 388 3533 sua
401 3471 490 3532 multo
502 3473 562 3533 lieri
577 3471 694 3532 meliora
704 3470 827 3532 videres.
