2340 3854
564 206 590 266 V

160 388 266 452 causa,
280 369 378 434 duent
389 370 446 433 late
458 370 568 434 cladem
579 389 752 453 magnasque
762 374 864 437 minas.

161 473 216 516 nec
226 456 334 517 ratione
346 455 399 517 alia
409 454 544 517 mortales
559 457 785 536 emendemur,

55 606 64 615 ,
161 539 297 600 internos
309 541 363 600 nisi
377 538 453 617 quod
465 540 572 600 morbis
584 542 778 617 aegrescimus
790 541 865 603 idern

93 630 149 686 350
158 631 244 701 atque
256 622 297 683 illi
312 641 384 702 quos
396 640 412 682 a
423 623 479 681 vita
491 631 587 682 natura
601 625 730 688 removit.

203 706 355 768 Praeterea
366 721 562 785 quaecumque
573 715 686 765 manent
697 716 812 768 aeterna
822 720 983 771 necessust,

160 799 223 866 aut,
236 791 301 867 quia
314 799 377 850 sunt
390 786 483 848 solido
496 805 560 847 cum
573 804 695 866 corpore
705 834 714 867 ,
726 808 864 871 respuere
876 793 949 854 ictus

159 890 215 932 nec
226 881 378 951 penetrare
390 872 448 950 pati
459 870 514 931 sihi
526 871 677 950 quicquam
690 873 767 952 quod
780 884 865 953 queat
876 885 950 937 artas

160 955 317 1016 dissociare
329 956 403 1016 intus
415 955 521 1033 partis,
535 963 565 1014 ut
579 957 704 1017 materiai

94 1047 147 1101 355
162 1055 284 1118 corpora
295 1047 376 1115 sunt,
392 1054 511 1117 quorum
521 1048 646 1100 naturam
658 1039 832 1101 ostendimus
845 1051 927 1121 ante,

159 1132 206 1182 aut
217 1121 283 1182 idco
295 1122 396 1183 durare
407 1131 530 1183 aetatem
540 1139 629 1201 posse
641 1141 696 1201 per
707 1140 836 1202 omnem,

159 1205 305 1283 plagarum
319 1207 385 1284 quie
396 1216 461 1267 sunt
472 1207 618 1284 expertia,
633 1208 706 1267 sicut
718 1209 800 1267 inane
813 1218 875 1285 est,
937 1201 940 1209 ’

159 1288 236 1367 quod
246 1298 339 1350 manet
352 1290 487 1349 intactum
500 1307 595 1368 neque
610 1290 646 1349 51)
658 1291 717 1350 ictu
729 1290 855 1368 iungitur
867 1291 970 1370 hilum,

160 1374 301 1433 autetiam
313 1369 533 1452 quianullaloci
545 1374 575 1432 lit
587 1374 670 1450 copia
685 1374 807 1450 circum,

94 1463 149 1519 360
159 1472 216 1535 quo
229 1458 308 1534 quasi
320 1475 368 1517 res
381 1457 494 1536 possint
505 1455 656 1517 discedere
671 1455 865 1536 dissoluique‚

159 1541 234 1600 sicut
245 1558 412 1600 summarum
423 1557 529 1601 summa
543 1549 588 1600 est
602 1549 733 1618 aeterna,
748 1559 842 1619 neque
854 1553 934 1603 extro

161 1625 208 1702 qui
221 1622 303 1684 locus
315 1633 360 1684 est
373 1641 429 1702 quo
441 1622 598 1700 dissiliant,
614 1642 709 1702 neque
722 1641 843 1703 corpora
856 1636 920 1688 sunt
932 1645 1005 1706 quae

158 1708 271 1786 possint
282 1707 408 1767 incidere
423 1716 453 1768 et
466 1706 558 1767 valida
570 1705 730 1768 dissolvere
742 1706 834 1787 plaga.

159 1800 187 1850 at
197 1808 310 1868 neque,
323 1792 363 1851 uti
376 1790 476 1868 docui,
489 1789 582 1851 solido
595 1809 658 1852 cunr
671 1808 793 1870 corpore
804 1793 896 1854 mundi

94 1880 147 1936 365
159 1883 298 1949 naturast,
313 1876 442 1952 quoniam
453 1873 632 1935 admixtumst
642 1876 670 1934 in
681 1875 767 1936 rebus
780 1878 876 1955 inane,

158 1976 213 2018 nec
224 1967 317 2017 mmen
329 1967 375 2019 est
389 1967 419 2017 ut
429 1959 527 2034 inane,
539 1976 633 2036 neque
647 1969 741 2019 autem
753 1975 874 2037 corpora
887 1959 1006 2037 desunt,

159 2057 196 2100 ex
206 2040 314 2098 infinito
326 2057 400 2117 quae
412 2042 521 2117 possint
537 2040 612 2099 forte
629 2050 726 2100 coorta

159 2139 295 2184 corruere
306 2120 380 2181 hanc
390 2139 483 2181 rerum
496 2121 623 2182 violento
634 2123 744 2182 turbine
757 2140 890 2182 summam

158 2214 205 2264 aut
216 2202 297 2265 aliam
311 2205 436 2282 quamvis
450 2192 559 2264 cladem
571 2206 714 2283 inportare
729 2205 848 2283 pericli,

93 2296 147 2350 370
159 2306 214 2349 555
225 2304 312 2368 porro
327 2296 423 2347 natura
435 2287 493 2348 loci
505 2289 682 2367 spatiumque
697 2288 828 2367 pociundi

158 2372 271 2450 delicit,
285 2373 419 2451 exspargi
430 2388 487 2452 quo
501 2374 611 2451 possint
625 2373 737 2432 moenia
751 2373 861 2449 mundi,

156 2466 204 2516 aut
214 2454 268 2516 alia
282 2457 380 2534 quavis
392 2465 513 2535 possunt
523 2458 551 2516 vi
567 2455 650 2535 pulsa
661 2457 765 2536 perire.

158 2537 223 2599 haut
234 2540 320 2616 igitur
330 2538 380 2599 leti
391 2539 542 2618 praeclusa
552 2551 597 2601 est
608 2542 689 2601 ianua
701 2539 783 2602 caelo

157 2640 212 2682 nec
223 2622 277 2684 soli
290 2631 440 2701 terraeque
452 2641 546 2702 neque
557 2622 622 2684 altis
633 2627 765 2703 aequoris
777 2624 875 2701 undis,

91 2711 143 2767 375
155 2705 208 2766 sed
220 2715 298 2784 patet
308 2706 417 2765 immani
429 2715 458 2765 et
470 2714 551 2765 vasto
563 2716 709 2783 respectat
720 2706 804 2765 hiatu.

157 2806 244 2867 quare
256 2791 340 2849 etiam
352 2789 444 2848 nativa
455 2798 635 2848 necessumst
648 2789 801 2848 confiteare

157 2871 228 2932 haec
240 2873 354 2932 eadem:
369 2889 463 2949 neque
476 2871 565 2948 enim,
578 2869 688 2930 mortali
701 2888 822 2949 corpore
835 2882 1000 2950 quaesunt,

158 2974 195 3014 ex
206 2956 312 3015 induite
324 2956 377 3014 iam
389 2963 518 3035 ternpore
530 2953 620 3014 adhuc
631 2954 793 3034 potuissent

156 3039 275 3099 inmensi
286 3036 392 3099 validas
404 3039 467 3100 aevi
478 3047 660 3099 contemnere
672 3039 758 3098 vires.

94 3129 146 3184 580
197 3120 328 3199 Denique
340 3130 488 3201 tantopere
499 3124 573 3182 inter
582 3141 615 3183 se
629 3139 691 3183 cum
702 3122 820 3180 maxima
830 3120 924 3181 muudi

156 3215 284 3283 pugnent
295 3206 436 3284 membra,
449 3208 497 3285 pio
511 3222 686 3284 nequaquam
701 3205 813 3266 concita
824 3203 920 3282 hello,

156 3304 249 3348 nonne
261 3288 343 3349 vides
356 3288 477 3368 aliquam
489 3287 567 3366 longi
578 3289 738 3349 certaminis
754 3286 819 3349 ollis

155 3388 245 3448 posse
260 3370 318 3432 dari
330 3372 430 3450 linem,
442 3370 490 3433 vel
503 3390 566 3433 cum
576 3371 621 3433 sol
634 3381 663 3432 et
677 3389 767 3450 vapor
778 3375 868 3434 omnis

156 3455 284 3515 omnibus
299 3455 393 3534 epotis
405 3456 548 3517 umoribus
561 3452 780 3535 exsuperarintl
