2340 3854
559 186 583 247 ll

157 362 332 434 quapropter
343 369 399 433 quo
411 369 486 413 nunc
496 353 524 412 in
535 360 611 413 motu
621 352 821 432 principiorum
848 411 851 416 ,

158 455 279 517 corpora
292 446 374 514 suut,
390 435 531 497 ineodcrn
542 444 606 496 ante
619 444 681 497 acta
693 446 786 498 aetate
797 436 879 497 inere
896 498 900 503 ,

158 531 187 583 et
201 521 350 600 posthaec
363 519 571 599 sempersimili
586 520 694 580 ratione
709 519 852 597 ferentur,

94 614 147 668 300
159 614 188 667 et
199 622 273 684 quae
284 604 447 665 consuerint
457 605 536 681 gigni
546 605 698 680 gignentur
708 602 808 663 eudem

159 688 327 749 condicione
339 697 368 747 et
382 694 465 747 erunt
475 694 505 746 ct
518 689 651 746 crescent
662 687 748 765 vique
759 684 911 763 valebunt,

159 781 291 852 quantum
304 771 407 848 cuique
420 768 512 829 datum
524 778 569 830 est
581 786 634 847 per
647 768 764 829 foedera
776 772 890 830 naturai.

158 874 213 916 nec
226 871 319 916 rerum
331 869 465 914 summam
478 861 649 913 commutare
661 851 718 912 ullu
729 861 825 931 potest
837 852 897 915 vis:

159 957 221 999 nam
232 955 327 1016 neque
341 954 398 1015 quo
410 937 503 1014 possit
513 954 605 1014 genus
615 935 702 996 ullurn
713 937 838 996 materiai

94 1031 146 1086 305
161 1022 290 1100 elingere
303 1021 426 1082 exomni
442 1021 593 1100 quicquam
608 1028 812 1098 estnequam,
824 1038 918 1100 neque
929 1021 957 1080 in
969 1035 1054 1080 omno

157 1106 233 1166 uude
245 1114 343 1165 nonna
357 1113 442 1184 queat
452 1120 526 1164 nora
536 1105 579 1165 ris
591 1105 752 1183 inrumpere
765 1113 794 1163 et
805 1121 915 1164 omnem

158 1197 282 1250 naturam
293 1205 385 1248 rerum
397 1196 506 1249 mutare
516 1197 545 1248 et
557 1197 672 1248 vortere
682 1196 783 1247 motus.

200 1271 273 1331 lllud
286 1273 314 1331 in
326 1271 370 1333 his
381 1270 468 1331 rebus
479 1286 535 1330 nou
547 1279 592 1330 est
602 1269 746 1346 mirabile,
762 1287 866 1348 quare,

160 1356 250 1415 omnia
261 1372 324 1414 curu
335 1371 428 1430 rerum
440 1351 590 1433 primordia
601 1354 656 1413 sint
667 1354 695 1410 in
705 1360 800 1429 motu,

94 1446 148 1500 310
161 1455 267 1498 summa
278 1446 370 1497 nmen
381 1454 487 1497 summa
498 1435 626 1496 videatur
639 1445 715 1496 stare
727 1437 840 1514 quiete,

158 1530 275 1600 praeter
286 1537 368 1599 quarn
379 1519 472 1598 siquid
483 1521 600 1599 proprio
612 1519 659 1579 dat
672 1536 794 1598 corpore
806 1528 908 1580 motus.

160 1606 249 1665 omnis
262 1606 335 1664 eninr
345 1603 432 1681 longe
443 1605 547 1664 nostris
557 1603 592 1664 ab
605 1603 737 1665 sensibus
749 1601 821 1664 inira

159 1691 310 1767 primorum
322 1697 419 1747 natura
430 1688 518 1756 iucet;
532 1698 723 1767 quapropter,
734 1687 781 1746 ubl
793 1689 855 1766 ipsa

160 1789 279 1833 cernere
292 1773 345 1832 iam
357 1789 483 1850 nequeas
493 1815 503 1848 ,
515 1780 608 1832 motus
620 1788 735 1850 quoque
747 1789 867 1850 surpere
879 1770 1000 1840 debent;

93 1861 145 1916 315
159 1856 327 1934 pracsertim
339 1873 417 1932 cum,
430 1873 502 1933 quae
515 1856 658 1932 possimus
672 1872 808 1934 cernere,
826 1852 921 1916 celent

159 1957 248 2018 saepe
258 1949 351 1999 tamen
362 1949 472 2015 motus,
485 1940 577 2015 spatio
590 1937 702 1999 diducta
712 1937 849 1999 locorum.

160 2039 222 2082 nam
234 2040 323 2101 saepe
338 2023 366 2080 iu
377 2021 445 2081 colli
455 2021 606 2082 tondentes
617 2019 721 2100 pabula
732 2019 806 2082 laeta

158 2105 302 2181 lanigerae
315 2113 425 2183 reptant
436 2102 565 2183 pecudes
578 2121 635 2182 quo
647 2121 787 2183 quamque
797 2114 934 2165 vocantes

100 2250 103 2255 ,
159 2189 275 2247 invitant
286 2186 393 2248 lrerlrae
406 2195 582 2265 gemmantes
594 2204 660 2247 rore
671 2190 798 2266 recenti,

95 2280 148 2334 ato
161 2279 190 2332 et
200 2273 290 2332 satiati
303 2272 367 2349 ugni
383 2270 480 2331 ludunt
491 2268 650 2350 blandeque
663 2282 832 2341 coruscant;

159 2356 250 2416 omnia
262 2373 334 2435 quae
345 2354 427 2416 nobis
442 2354 530 2432 longe
542 2355 660 2416 confusa
671 2355 801 2416 videntur

159 2448 188 2499 et
200 2437 279 2500 velut
291 2441 318 2499 in
331 2439 413 2499 viridi
426 2438 532 2500 candor
544 2441 703 2500 consistere
716 2438 793 2500 colli.

159 2532 308 2602 praeterea
318 2541 436 2601 magnae
451 2522 582 2601 legiones
598 2542 661 2583 cum
676 2523 739 2584 loca
752 2541 835 2586 cursu

161 2624 322 2685 camporum
334 2606 496 2686 complent,
507 2605 576 2666 belli
588 2607 737 2667 simulacra
748 2609 875 2684 cientes,

95 2696 148 2751 325
161 2687 257 2765 fulgor
268 2690 306 2749 ibi
316 2689 352 2749 nd
362 2688 471 2750 caelum
486 2708 518 2750 sc
532 2689 623 2766 tollit,
635 2699 751 2768 totaque
766 2693 872 2750 circum

158 2790 226 2832 acre
237 2772 391 2832 renidescit
403 2771 505 2848 tellus,
520 2782 676 2850 supterque
689 2775 778 2830 virum
790 2775 818 2830 vi

159 2856 269 2917 excitur
278 2854 399 2934 pedibus
410 2856 538 2930 sonitus,
551 2853 732 2933 clamoreque
746 2865 857 2916 urentes

159 2940 208 2999 icti
219 2940 357 2999 reiectant
368 2955 458 2998 voces
469 2937 504 2998 ad
515 2937 609 2999 sidera
619 2937 729 3014 mundi,

159 3032 188 3085 et
200 3024 306 3084 circum
319 3021 435 3084 volitant
447 3024 560 3102 equites
571 3021 740 3100 mediosque
750 3031 870 3101 repente

93 3115 147 3170 330
160 3109 312 3168 tramittunt
320 3106 414 3168 valido
427 3109 585 3186 quatientes
597 3107 702 3185 impete
716 3122 848 3185 campos:

159 3199 291 3254 ettamen
303 3200 348 3252 est
359 3189 470 3268 quidam
481 3189 563 3250 locus
575 3188 639 3251 altis
650 3190 806 3267 montibus,
819 3190 901 3251 unde

158 3287 233 3335 stare
244 3274 375 3336 ridentur
387 3283 416 3336 ct
430 3275 457 3333 in
470 3275 576 3352 campis
589 3275 748 3335 consistere
761 3273 866 3352 iulgor.

200 3357 281 3418 Nunc
295 3376 366 3436 nge,
377 3359 430 3418 iam
442 3357 579 3436 deinceps
594 3366 756 3419 cunctarum
767 3358 883 3420 exordia
896 3375 991 3418 rerurn

158 3440 249 3519 qualia
261 3443 315 3502 sint
329 3451 359 3502 ct
371 3459 453 3521 quarn
465 3441 552 3518 longe
564 3441 692 3503 distantia
704 3441 799 3504 tonnis
