2340 3854
136 200 199 265 ldd
624 202 648 261 V

155 373 209 430 385
223 365 300 444 quod
311 363 408 426 iaoere
421 365 584 443 intendunt,
596 382 690 444 neque
702 362 795 427 adhue
808 375 909 428 oouatu
920 376 1083 449 patrantur:

221 458 326 509 mutum
339 448 521 526 suppeditant
530 464 628 509 amnes
640 448 771 527 ultraque
782 451 921 511 minantur

221 534 312 592 omnia
323 531 460 592 diluviare
474 550 514 592 ex
526 530 585 592 nito
600 534 714 610 gurgite
728 535 825 611 ponti,

220 618 407 694 nequiquam,
421 616 552 693 quoniam
562 625 713 676 ,verrentes
725 633 849 695 aequora
859 620 937 678 venti

220 699 381 760 deminuunt
392 698 534 777 radiisque
543 708 679 760 retexens
691 699 835 761 aetherius
845 700 908 779 soi,

156 791 209 846 390
220 791 250 843 et
263 783 374 843 siccare
384 784 463 861 prius
475 782 618 843 confidunt
629 785 720 843 omnia
731 800 822 862 posse

221 884 303 944 quarn
317 864 412 944 liquor
424 867 531 944 ineepti
544 868 637 943 possit
649 866 816 944 eontingere
828 867 920 927 dnem.

220 959 325 1009 tantum
338 951 479 1028 spirantes
490 965 583 1026 aequo
598 951 750 1009 certamine
762 949 870 1010 helhum

220 1034 329 1110 magnis
342 1034 422 1092 inter
433 1050 467 1092 ne
478 1032 514 1092 de
526 1033 613 1093 rebus
626 1049 746 1093 cernere
757 1041 882 1111 certant,

222 1135 285 1177 eum
296 1114 387 1178 semel
398 1117 506 1175 interea
516 1115 601 1176 inerit
611 1119 790 1196 superantior
799 1119 874 1195 ignis

155 1209 207 1263 395
222 1211 252 1262 et
265 1198 356 1261 semel
366 1245 375 1278 ‚
387 1209 417 1260 nt
429 1199 501 1259 fama
512 1208 572 1276 est,
585 1218 667 1260 umor
676 1203 801 1278 regnarit
812 1203 840 1260 in
855 1204 941 1264 artis.

220 1286 294 1364 iguis
310 1285 384 1344 enim
395 1292 512 1362 superat
523 1293 552 1343 ot
563 1282 691 1345 lambens
701 1284 787 1344 muita
797 1288 941 1363 perussit,

221 1370 282 1431 avia
295 1385 359 1428 oum
370 1366 544 1428 Phaethonta
554 1385 642 1446 rapax
654 1369 697 1428 uis
711 1368 781 1429 solis
792 1385 930 1446 equorum

221 1451 338 1513 aethere
352 1453 472 1530 raptavit
482 1461 543 1512 toto
558 1461 706 1530 terrasque
718 1454 893 1530 peremnis:

221 1546 249 1596 at
259 1544 341 1615 pater
352 1536 529 1613 omnipotens
544 1537 584 1595 ira
599 1544 657 1595 tum
669 1537 795 1614 pereitus
807 1537 866 1596 aeri

156 1627 209 1682 400
219 1619 422 1697 magnanimum
432 1616 606 1679 Phaethonta
616 1620 729 1698 repenti
742 1618 865 1679 iuiminis
876 1621 934 1680 iotn

221 1703 379 1764 deturbavit
391 1703 472 1780 equis
484 1704 512 1761 in
526 1713 648 1779 terram,
661 1702 764 1781 solque
776 1702 889 1763 eadenti

221 1787 323 1847 obrius
336 1794 479 1845 aeternam
490 1787 622 1864 suoeepit
634 1785 761 1865 lampada
771 1785 882 1864 mundi,

221 1870 417 1948 disiectosque
426 1866 539 1947 redegit
550 1886 641 1947 equos
653 1871 800 1949 iunxitque
810 1872 977 1949 trementis,

221 1952 286 2014 inde
298 1970 379 2012 suum
389 1971 443 2031 per
452 1954 508 2014 iter
517 1955 660 2014 recreavit
670 1962 772 2014 onneta
783 1953 962 2032 gubernans,

136 2043 139 2047 ’
156 2048 207 2101 405
220 2037 350 2114 seilicet,
365 2047 394 2097 ut
405 2046 521 2098 ueteres
534 2036 645 2097 Graium
658 2039 793 2098 oeoiuere
804 2044 918 2116 potitae.

222 2122 297 2201 quod
311 2118 412 2199 prooul
423 2137 440 2180 a
450 2139 518 2181 vera
529 2122 611 2181 nimis
623 2130 669 2181 est
681 2122 791 2181 ratione
803 2120 958 2200 repulsum.

221 2207 294 2284 ignis
307 2206 381 2264 enim
392 2221 528 2282 superare
541 2214 637 2284 potest
648 2206 696 2264 ubi
706 2206 832 2265 materiai

221 2308 259 2350 ex
269 2289 376 2347 infinito
390 2297 454 2348 sunt
466 2305 586 2367 corpora
596 2287 678 2366 plura
694 2297 809 2364 coorta,

221 2383 249 2433 et
265 2381 385 2452 pereunt
395 2390 443 2431 res
456 2381 573 2431 exustae
585 2372 758 2432 torrentibus
769 2371 858 2431 auris:

154 2464 208 2519 410
219 2455 284 2516 inde
299 2455 401 2514 eadunt
411 2456 488 2513 rires
500 2453 592 2533 aliqua
602 2456 711 2514 rationo
722 2455 857 2515 revictae.

220 2555 301 2599 umor
311 2540 379 2599 item
390 2537 528 2616 quondam
540 2539 636 2616 eoepit
646 2555 783 2616 superare
795 2549 928 2614 mortus,

220 2631 250 2682 ut
262 2622 333 2681 iama
346 2630 407 2699 est,
422 2619 563 2681 hominum
574 2619 675 2681 multas
688 2621 800 2699 quaudo
811 2621 905 2683 obruit
915 2620 1012 2683 urbis:

221 2705 286 2766 inde
298 2706 346 2765 ubi
359 2707 403 2766 vis
414 2705 508 2784 aliqua
517 2705 626 2766 ratione
638 2722 739 2765 aversa
750 2708 891 2783 recessit,

221 2809 258 2850 ex
269 2790 376 2849 infinito
391 2790 483 2850 iuerat
494 2807 691 2869 quaecumque
703 2799 817 2864 coorta,

157 2881 208 2935 415
221 2875 408 2933 constiterunt
422 2873 527 2933 imbres
540 2881 570 2932 et
581 2871 693 2932 flumina
702 2874 760 2931 vim
769 2874 937 2931 minuerunt.

264 2956 322 3016 Sed
334 2957 436 3034 quibus
448 2955 498 3015 ille
508 2954 599 3016 modis
609 2958 757 3016 eonieetus
769 2955 893 3015 materiai

221 3038 341 3099 fundarit
351 3048 454 3098 terram
467 3047 497 3097 et
508 3037 618 3098 eaelum
633 3040 769 3116 pontique
781 3036 938 3117 profunda,

221 3120 292 3181 sodis
303 3120 378 3180 iunai
394 3139 512 3195 cursus,
526 3139 564 3180 ex
578 3121 677 3182 ordine
690 3139 801 3201 ponam.

219 3222 283 3263 uam
294 3213 374 3264 eerte
385 3220 480 3281 neque
495 3203 615 3265 oonsilio
628 3205 780 3283 primordia
790 3222 884 3266 rerum

157 3297 209 3350 420
220 3287 318 3347 ordine
331 3305 364 3347 se
380 3303 433 3346 suo
445 3304 575 3365 quaeque
586 3291 683 3365 sagaci
694 3299 789 3350 mente
800 3288 930 3350 dotarunt

219 3389 275 3431 neo
290 3387 362 3448 qnos
374 3387 504 3449 quaeque
517 3371 615 3431 darent
625 3382 718 3433 motus
728 3375 870 3451 pepigere
881 3370 1037 3452 proiecto,

219 3453 272 3515 sed
284 3455 348 3533 quia
359 3451 446 3513 multa
456 3452 547 3514 modis
561 3454 655 3516 multis
669 3456 820 3535 primordia
830 3473 924 3517 rerum
