2340 3854
165 356 297 435 parvola,
310 374 383 437 quae
398 365 521 436 nequeat
532 358 603 417 ratio
618 355 768 436 depellere
780 360 880 435 nobis,

164 448 194 500 nt
206 440 244 500 nil
256 439 380 520 inpediat
392 439 504 518 diguam
517 439 561 501 dis
576 440 684 520 degere
696 443 789 503 uitam.

205 521 284 584 llaec
298 525 383 602 igitur
396 533 493 585 natura
504 533 619 586 tenetur
630 542 753 603 corpore
764 526 800 588 ab
817 527 910 607 omni,

164 609 283 686 ipsaque
295 608 425 687 corporis
437 616 483 668 est
495 616 593 668 custos
605 617 636 668 et
647 626 732 670 causa
742 608 856 672 salutis:

97 697 150 752 355
163 708 226 751 nam
238 691 432 752 communibus
444 691 518 751 inter
532 709 566 752 se
579 690 722 752 radicibus
734 691 867 774 haerent,

164 792 219 835 nec
231 775 292 835 sine
307 775 436 854 pernicie
448 773 544 835 diuelli
558 790 646 852 posse
657 774 797 836 videntur.

163 857 240 935 qnod
250 876 342 935 genus
357 877 374 918 e
386 857 475 919 tlnuris
486 857 598 938 glaebis
610 857 739 921 evellere
756 859 873 937 odorem

161 939 236 1000 haud
248 940 333 1001 facile
346 950 409 1020 est,
422 943 489 1019 quin
500 943 620 1004 intereat
630 952 728 1003 natura
739 961 855 1023 quoque
870 947 942 1007 eina.

161 1025 205 1084 sic
217 1025 299 1084 animi
310 1033 395 1104 atque
406 1027 514 1088 animae
527 1035 651 1086 naturam
664 1043 787 1106 corpore
799 1037 860 1090 toto

95 1115 149 1170 330
161 1107 313 1169 extrahere
327 1108 393 1170 hant
405 1107 490 1171 facile
502 1120 564 1188 est,
580 1112 647 1191 quin
659 1113 751 1171 omnia
762 1110 962 1174 dissoluantur.
994 1134 997 1139 ·

161 1191 284 1269 inplexis
296 1193 334 1252 ita
344 1194 491 1272 principiis
502 1193 537 1254 ab
550 1195 660 1271 origine
672 1196 761 1271 prima

160 1276 359 1336 intercedunt
374 1278 500 1337 consorti
511 1276 638 1355 praedita
649 1279 723 1351 vita,

161 1377 217 1418 nec
227 1359 282 1418 sibi
294 1376 426 1436 quaeque
438 1361 500 1418 sine
511 1357 628 1419 alterius
640 1361 668 1418 vi
679 1376 768 1437 posse
780 1358 892 1420 videtur

163 1443 293 1520 corporis
305 1451 391 1518 atque
402 1443 485 1500 animi
496 1459 627 1502 seorsum
638 1443 746 1502 sentire
758 1452 905 1522 potestas,

97 1533 149 1587 335
160 1523 214 1585 sed
226 1525 421 1585 communibus
436 1526 571 1586 intereas
584 1524 722 1586 condatur
733 1527 872 1606 utrimque

161 1609 285 1670 motibus
295 1626 436 1675 accensus
448 1609 531 1669 nobis
542 1610 719 1688 perviscera
729 1629 842 1673 sensus.

161 1701 313 1770 praeterea
324 1709 430 1770 corpus
442 1710 495 1771 per
506 1711 539 1754 se
551 1711 606 1752 nec
617 1695 742 1772 gignitur
754 1713 883 1774 nmquam

160 1794 216 1837 nec
228 1777 335 1837 crescit
347 1793 441 1854 neque
453 1785 520 1855 post
531 1786 652 1837 mortem
663 1776 763 1839 durare
779 1777 900 1840 ridetur.

160 1875 217 1919 non
228 1861 319 1939 enim,
333 1869 362 1919 ut
374 1878 454 1921 nmor
463 1877 554 1939 aquae
567 1860 677 1921 dimittit
688 1878 778 1940 saepe
789 1880 941 1942 vaporem,

95 1950 148 2006 340
159 1945 207 2021 qui
219 1943 299 2005 datus
312 1954 374 2022 est,
387 1962 480 2023 neque
492 1962 527 2005 en
540 1962 624 2006 cansa
636 1945 808 2006 convellitur
821 1949 903 2026 ipse,

122 2103 129 2112 ι
161 2025 214 2087 sed
228 2037 322 2088 manet
333 2028 500 2105 incolumis,
511 2045 585 2107 non,
595 2031 724 2107 inquam,
737 2032 780 2090 sic
790 2031 889 2090 animai

161 2110 308 2171 discidium
320 2121 440 2189 possunt
451 2121 528 2173 amns
539 2112 669 2191 perferre
680 2111 790 2189 relicti,

160 2193 213 2255 sed
224 2196 337 2271 penitus
350 2204 471 2272 pereunt
483 2195 612 2257 convulsi
626 2213 738 2273 conque
752 2206 929 2275 putrescunt.

161 2296 199 2337 ex
209 2279 324 2339 ineunte
335 2296 408 2340 aevo
419 2281 462 2340 sic
475 2281 606 2360 corporis
617 2288 703 2358 atque
713 2282 813 2341 animai

95 2368 147 2423 345
159 2372 252 2422 mutua
263 2362 356 2425 vitalis
368 2364 480 2425 discnru
495 2366 625 2442 contagia
635 2374 743 2442 motus,

160 2449 293 2508 maternis
306 2449 389 2508 etiam
400 2448 534 2509 memhris
545 2447 669 2527 alvoque
680 2459 814 2528 reposta,

160 2529 308 2590 discidium
317 2539 351 2592 ut
364 2542 488 2610 nequeat
503 2532 563 2592 lieri
575 2534 637 2593 sine
650 2542 734 2611 peste
749 2533 896 2610 maloqne;

160 2621 191 2670 ut
202 2612 316 2691 videas,
329 2617 460 2692 quoniam
472 2617 649 2676 coniunctast
662 2634 747 2676 causa
757 2617 872 2693 salutis,

161 2697 339 2756 coniunctam
351 2714 467 2775 quoqne
481 2707 605 2757 naturam
618 2701 778 2759 consistere
794 2717 901 2759 eorum.

95 2786 148 2840 350
204 2775 217 2857 ll
232 2776 316 2850 Quod
327 2796 415 2857 snper
428 2789 491 2856 est,
502 2781 592 2858 siquis
605 2797 710 2859 corpus
722 2783 829 2841 sentire
841 2780 962 2859 relutat,

158 2870 244 2937 atque
255 2863 373 2921 animam
384 2861 475 2922 credit
486 2864 653 2940 permixtam
665 2880 788 2940 corpore
800 2872 862 2923 toto

158 2947 309 3025 suscipere
321 2944 396 3006 hunc
406 2955 512 3007 motum
523 2965 608 3026 quem
619 2964 736 3008 sensnm
749 2948 962 3024 nominitamus,

158 3027 205 3089 vel
217 3029 380 3091 manifestas
392 3049 440 3092 res
455 3040 553 3092 contra
563 3048 706 3109 verasque
718 3039 868 3109 repugnat.

159 3112 226 3191 qnid
238 3115 274 3174 sit
283 3116 360 3174 'enim
371 3133 476 3195 corpus
488 3117 595 3177 sentire
608 3116 671 3193 quis
682 3113 793 3175 alteret
807 3131 954 3194 nmquam,

93 3203 144 3258 355
160 3198 184 3257 si
196 3214 252 3257 non
264 3199 326 3277 ipsa
338 3196 429 3278 palam
445 3199 522 3278 quod
535 3218 583 3260 res
595 3198 674 3259 dedit
687 3216 721 3258 ae
734 3198 831 3259 docuit
844 3195 919 3259 nos?

156 3289 184 3340 at
200 3279 313 3343 dimissa
325 3284 414 3344 aninuu
427 3301 532 3361 eorpus
546 3292 623 3343 caret
637 3283 761 3362 undique
774 3301 876 3344 sensu:
926 3345 933 3361 ,

156 3365 249 3441 perdit
262 3367 336 3424 enim
348 3366 424 3444 quod
435 3384 491 3427 non
505 3369 651 3447 proprium
662 3367 713 3427 luit
725 3369 786 3428 eins
802 3368 829 3428 in
839 3385 921 3428 aero.

157 3446 311 3528 [multaque
324 3460 473 3532 praeterea
486 3449 579 3534 perdit
592 3469 654 3514 cnm
666 3450 822 3533 expellitur
831 3450 917 3528 aevo]
