2340 3854
138 197 202 263 184
618 196 658 256 vi

224 364 389 445 expediam,
405 362 480 443 quali
490 371 588 424 natura
598 364 724 441 praedita
737 373 879 424 constent.

159 458 212 512 740
223 449 379 529 principio,
394 465 450 527 quo
461 446 578 508 Averna
586 457 724 508 vocantur
735 448 864 525 nomine,
875 448 904 507 id
914 447 950 507 777
961 464 996 508 ra

223 533 420 612 inpositumst,
432 532 496 610 77070
508 539 573 590 suut
582 531 681 592 aribus
695 533 832 591 contraria
844 532 971 609 cunctis,

224 635 240 676 0
252 616 371 693 regione
383 633 417 674 00
429 613 505 692 quod
515 613 580 673 loca
593 632 656 673 cum
668 633 775 674 77077070
787 613 935 692 volantes,

223 701 323 777 remigi
337 697 442 759 oblitae
453 714 608 777 7707707770
619 697 684 758 uela
694 701 855 775 remittunt,

225 785 457 862 praecipitesque
470 781 572 842 cadunt
583 781 661 842 molli
673 784 789 842 cervice
804 782 939 861 profusae

162 875 212 929 745
224 868 251 926 70
263 876 383 942 7077070,
396 868 420 925 si
432 865 506 925 forte
519 868 556 925 ita
568 864 733 926 iertuatura
743 864 888 943 10007007,

224 958 271 1010 007
283 952 311 1008 70
323 967 440 1028 aquam,
454 951 478 1009 si
491 948 566 1008 70770
578 949 657 1009 70007
670 950 829 1010 substratus
839 949 987 1009 Avernist.

223 1032 342 1093 is-locus
355 1041 399 1093 077
411 1030 513 1093 Cumas
527 1032 620 1112 apud,
633 1035 691 1092 acri
706 1031 823 1110 sulpure
835 1042 949 1093 montes

226 1115 337 1197 oppleti
349 1115 447 1178 calidis
460 1117 507 1176 ubi
519 1116 625 1177 fumant
640 1116 765 1177 lontibus
777 1119 868 1183 aucti3

225 1211 270 1262 est
284 1211 314 1261 ut
325 1199 479 1260 Athenaeis
490 1203 519 1260 in
529 1201 695 1278 moenibus,
707 1204 781 1261 arcis
793 1203 821 1259 in
833 1202 898 1279 ipso

161 1292 213 1348 750
226 1286 354 1362 7077700,
366 1284 487 1345 Palladis
499 1285 534 1345 ad
545 1285 681 1364 templum
693 1283 843 1345 Tritonidis
855 1283 962 1361 almae,

226 1387 283 1448 quo
294 1386 442 1448 numquam
454 1371 553 1447 pennis
565 1369 715 1448 appellunt
727 1386 849 1447 corpora
860 1384 966 1428 mucce

226 1455 375 1530 comicos,
387 1470 443 1512 non
455 1471 518 1514 cum
531 1453 636 1514 fumant
646 1453 743 1513 altaria
754 1452 850 1513 donis:

226 1555 317 1616 usque
329 1536 402 1597 adeo
413 1535 533 1613 fugitant
543 1555 600 1597 uon
611 1539 666 1599 iras
678 1536 799 1597 Palladis
811 1536 887 1595 acris

227 1619 359 1700 pervigili
371 1638 471 1698 00070,
487 1619 599 1681 Graium
610 1631 641 1681 07
652 1624 786 1681 cecinere
797 1625 921 1699 poetae,

163 1709 214 1764 755
228 1703 281 1764 sed
291 1714 387 1765 natura
400 1704 457 1764 loci
469 1707 496 1764 vi
507 1706 571 1765 ibus
586 1704 676 1765 oflioit
688 1706 750 1783 ipsa
764 1713 875 1782 suapte.

226 1789 254 1846 in
266 1787 347 1862 Syria
362 1804 476 1865 quoque
488 1788 578 1848 fertur
589 1791 656 1848 item
666 1788 749 1849 locus
762 1806 829 1849 esse
844 1785 950 1862 videri,

226 1870 417 1949 quadripedes
431 1887 545 1950 77007700
558 1889 613 1951 quo
625 1871 707 1932 simul
718 1890 753 1932 ac
764 1871 887 1948 vestigia
897 1869 1020 1949 primum

226 1954 387 2032 intulerint,
400 1957 526 2032 graviter
534 1957 579 2017 vis
591 1965 676 2034 cogat
688 1954 841 2016 concidere
852 1956 933 2032 ipsa,

226 2039 353 2099 manibus
368 2049 398 2099 ut
409 2040 433 2099 si
446 2039 476 2099 777
488 2038 558 2100 divis
570 2039 701 2100 mactatu'
712 2049 843 2117 repente.

163 2126 214 2182 700
229 2125 319 2181 omnia
330 2141 402 2201 quae
414 2124 531 2183 naturali
541 2127 650 2185 ratione
662 2133 816 2201 geruntur,

227 2214 257 2266 et
269 2207 371 2284 quibus
382 2206 479 2266 07770777
491 2209 585 2268 000777
598 2216 717 2286 apparet
732 2208 830 2284 origo;

227 2291 354 2350 7000000
367 2289 463 2351 Puteis
477 2289 544 2353 0707
555 2293 721 2369 regionibns
732 2310 800 2351 0770

228 2373 376 2450 credatur,
388 2373 531 2452 posthinc
545 2377 649 2435 animas
660 2374 834 2436 Acheruntis
843 2375 870 2433 777
882 2389 947 2432 0707

228 2454 335 2515 ducere
347 2455 422 2517 70770
434 2457 505 2517 deos
520 2460 609 2518 mauis
621 2457 731 2518 7070700
741 2476 868 2534 reamur,

163 2538 341 2600 7650077707
355 2539 485 2616 alipedes
496 2550 526 2600 ut
538 2544 616 2601 cervi
627 2559 716 2622 saepe
731 2551 864 2620 putantur

229 2622 335 2684 ducere
347 2623 383 2683 de
394 2622 510 2684 latebris
522 2628 666 2704 serpentia
677 2626 773 2687 saecla
785 2625 915 2685 ferarum.

229 2704 305 2784 quod
320 2704 422 2786 procul
434 2725 529 2769 07070
541 2727 624 2787 quam
635 2711 672 2770 sit
683 2711 791 2770 ratione
802 2707 949 2787 repulsum

228 2792 362 2869 percipe:
376 2809 438 2850 uam
447 2791 483 2851 de
494 2811 526 2852 70
537 2812 612 2853 77000
621 2795 684 2872 ipsa
695 2792 793 2853 dicere
806 2808 903 2853 conor.

270 2871 411 2954 Principio
423 2875 479 2934 hoc
491 2876 573 2953 dico,
587 2875 662 2955 quod
674 2878 730 2936 dixi
742 2894 830 2955 saepe
843 2891 959 2954 quoque
974 2881 1064 2950 00777,

163 2957 340 3018 7707070770
353 2959 490 3036 cuiusque
502 2959 577 3019 modi
587 2977 682 3019 rerum
694 2979 761 3020 esse
777 2960 898 3037 77307077

227 3039 330 3118 7770770,
344 3042 408 3102 cibo
422 3060 494 3120 quae
507 3052 587 3120 70777,
599 3043 710 3119 vitalia,
723 3042 886 3122 multaque,
898 3039 1021 3101 morlros

228 3125 357 3184 incutere
369 3134 527 3186 0770077070
539 3145 612 3204 77000
625 3130 734 3205 possint
749 3126 925 3187 adcelerare.

228 3217 258 3267 et
268 3209 358 3285 magis
369 3227 436 3270 0770
447 3209 510 3271 07777
520 3209 589 3271 alias
601 3212 785 3271 animantibus
796 3220 877 3289 aptas

228 3308 276 3351 res
288 3290 323 3350 ad
333 3293 399 3351 vitai
412 3295 550 3354 rationem
560 3293 734 3354 ostendimus
745 3304 811 3355 0070

165 3378 217 3436 775
229 3385 349 3454 propter
359 3374 523 3437 dissimilem
534 3387 658 3437 naturam
670 3377 871 3457 dissimilisque

228 3468 356 3520 texturas
367 3461 441 3521 iuter
450 3479 518 3520 7070
529 3463 691 3540 primasque
706 3463 819 3538 77770707.
