2340 3854
534 205 575 266 Vl

143 395 200 456 quo
211 377 303 454 magis
313 373 349 436 ad
361 373 443 436 nubis
456 373 603 452 augendas
614 372 700 435 multa
711 372 843 435 videntur

144 478 233 540 posse
244 476 360 539 quoque
371 477 389 519 e
399 456 479 520 salso
490 475 667 534 consurgere
681 458 804 518 momine
817 457 914 535 ponti:

74 553 131 610 475
145 562 209 605 nam
219 544 291 604 ratio
303 543 542 619 consanguineast
554 541 700 603 umoribus
711 539 786 602 ollis.

143 637 294 707 praeterea
305 626 398 686 fluviis
409 643 448 686 ex
461 625 591 687 omnibus
602 634 632 684 et
644 623 726 686 simul
738 626 801 702 ipsa

143 728 264 790 surgere
277 709 400 770 deterra
411 707 532 769 nebulas
542 716 710 786 aestumque
723 707 870 784 ridemus,

144 813 218 873 quac
228 791 308 854 relut
318 791 421 854 balitus
432 792 498 853 hinc
509 794 548 852 ita
559 809 670 852 sursum
681 809 820 868 expressa
834 791 964 851 feruntur

143 877 362 955 suffunduntque
375 893 425 936 sua
441 874 551 937 caelum
563 873 684 953 caligine
697 884 727 937 et
739 874 810 935 altas

76 961 287 1026 litosulliciunt
297 960 380 1020 nubis
392 958 526 1036 paulatim
538 958 752 1020 conveniundo:
949 1016 952 1020 .

144 1053 228 1122 urget
239 1045 314 1105 enim
325 1060 439 1122 quoque
451 1041 580 1120 signiferi
592 1060 680 1121 super
690 1042 816 1103 aetheris
829 1052 926 1104 aestum

147 1137 177 1190 et
188 1129 267 1207 quasi
278 1126 425 1188 densendo
437 1126 564 1186 subtexit
577 1125 690 1186 caerula
701 1126 811 1187 nimbis.

147 1212 177 1272 lit
193 1229 308 1290 quoque
323 1220 352 1270 ut
363 1209 419 1271 buc
429 1211 543 1269 veniant
553 1210 581 1268 in
594 1208 704 1270 caelum
717 1211 897 1270 extrinsecus
908 1207 956 1268 illa

147 1312 267 1374 corpora
278 1312 352 1372 quae
365 1294 473 1354 iaciunt
484 1293 567 1353 nubis
577 1293 746 1370 nimbosque
756 1291 894 1353 volantis:

79 1387 133 1441 485
145 1377 377 1439 innumerabilem
387 1379 463 1437 enim
480 1394 626 1436 numerum
641 1393 833 1454 summamque
845 1375 976 1455 profundi

144 1481 211 1523 esse
223 1462 357 1523 inlinitum
372 1460 474 1536 docui,
487 1469 648 1538 quantaque
660 1459 789 1520 volarent

144 1563 266 1624 corpora
277 1542 433 1604 mobilitate
446 1543 558 1606 ostendi
570 1562 710 1623 quamque
723 1553 846 1623 repente

120 1644 126 1659 ⁰
144 1627 357 1690 inmemorabile
365 1647 426 1706 per
437 1629 558 1705 spatium
569 1630 689 1689 transire
702 1627 841 1689 solerent.

119 1765 122 1771 .
144 1713 211 1773 baut
222 1713 309 1790 igitur
318 1713 461 1790 mirumst,
475 1713 499 1772 si
510 1729 599 1790 parvo
611 1723 742 1790 tempore
753 1729 843 1790 saepe

78 1805 133 1859 490
146 1805 202 1856 tam
213 1813 332 1874 magnac
343 1795 427 1858 molis
438 1805 596 1875 tempestas
607 1806 694 1876 atque
705 1796 844 1857 tenebrae

146 1881 294 1957 coperiant
305 1882 391 1940 maria
401 1897 437 1940 ac
447 1889 538 1940 terras
549 1881 668 1960 inpensa
682 1898 825 1958 superna,

145 1963 269 2043 undique
281 1962 508 2043 quandoquidem
520 1982 573 2041 per
585 1963 680 2024 caulas
690 1964 815 2024 aetheris
828 1965 919 2024 omnis

144 2059 175 2109 et
186 2049 266 2126 quasi
279 2049 435 2125 permagni
448 2048 554 2108 circum
565 2045 707 2124 spiracula
718 2047 812 2106 mundi

146 2133 239 2191 exitus
249 2132 438 2209 introitusque
451 2129 601 2192 elementis
616 2129 742 2190 redditus
758 2139 845 2190 extat.

19 2204 27 2223 ⁰
79 2221 133 2276 495
187 2213 353 2291 benengo,
366 2232 423 2291 quc
437 2224 522 2292 pacto
534 2213 647 2292 pluvius
660 2222 829 2274 concrescat
841 2214 868 2271 in
879 2211 944 2273 altis

145 2298 268 2358 nubibus
279 2315 377 2374 umor,
390 2308 419 2358 et
433 2301 460 2356 iu
472 2308 563 2359 terras
577 2298 717 2360 demissus
730 2306 761 2358 ut
773 2298 865 2357 imber

145 2379 274 2456 decidat,
291 2381 450 2459 expediam.
463 2383 582 2460 primurn
596 2383 649 2440 iam
662 2383 769 2442 semina
780 2382 861 2461 aquai

145 2462 232 2524 multa
242 2463 325 2524 simul
336 2467 448 2524 vincam
460 2482 636 2545 consurgere
647 2466 768 2527 nubibus
781 2467 852 2545 ipsis

147 2547 277 2607 omnibus
288 2566 326 2607 ex
336 2548 439 2625 rebus,
454 2551 617 2628 pariterque
629 2553 667 2610 ita
679 2569 815 2612 crescere
826 2559 995 2627 utrumque,

81 2641 135 2693 500
148 2640 177 2691 ct
187 2631 287 2709 uubis,
301 2642 331 2692 et
341 2649 457 2710 aquam,
471 2649 667 2710 quaecumque
682 2635 954 2710 tumultuassent,

146 2724 177 2774 ut
190 2715 297 2792 pariter
306 2716 389 2775 nobis
402 2731 508 2790 corpus
522 2733 585 2774 cum
598 2717 736 2792 sanguine
753 2717 876 2792 crescit,

148 2796 235 2857 sudor
245 2799 329 2876 item,
342 2808 427 2876 atque
438 2814 519 2857 umor
531 2799 702 2876 quicumque
715 2807 760 2859 est
771 2797 894 2875 denique
906 2795 1046 2858 membris

148 2881 311 2960 concipiunt
321 2883 407 2942 etiam
418 2880 534 2941 multum
546 2898 661 2959 quoque
673 2899 762 2960 saepe
775 2882 908 2941 marinum

147 2982 289 3042 umorem,
302 2963 391 3025 veluti
403 2964 556 3043 pendentia
568 2964 786 3043 celleraturae,

81 3058 134 3112 505
150 3066 214 3110 cum
224 3066 329 3126 supera
339 3067 469 3127 magnum
481 3066 558 3110 mare
569 3052 647 3109 venti
658 3049 753 3109 nubila
765 3058 876 3128 portant

147 3131 286 3202 consimili
296 3133 405 3193 ratione
418 3151 455 3193 ex
467 3133 595 3194 omnibus
606 3134 734 3194 amnibus
746 3151 827 3192 umor

147 3214 255 3277 tollitur
266 3218 293 3275 in
304 3217 396 3279 nubis.
409 3234 466 3296 quc
479 3235 543 3277 cum
554 3216 628 3277 bene
640 3218 747 3278 semina
758 3235 892 3296 aquarum

146 3297 233 3359 multa
243 3299 335 3360 modis
346 3303 441 3362 multis
453 3318 616 3368 convenere
626 3301 750 3380 undique
761 3302 898 3378 adaucta,

148 3381 295 3444 confertae
306 3383 397 3446 nubes
410 3385 518 3447 imbris
529 3385 681 3446 demittere
693 3396 803 3447 certant

80 3478 135 3528 510
149 3464 315 3545 dupliciter:
327 3485 390 3527 nuru
399 3469 444 3531 ris
454 3469 531 3530 renti
544 3468 701 3547 contrudit,
717 3479 747 3530 ct
758 3471 820 3549 ipsa

104 3555 262 3610 Lucnurrus.
854 3551 893 3613 12
