2340 3854
140 171 201 237 170
619 161 659 222 Vl

222 335 297 412 ignis
308 332 415 392 babere
426 351 433 390 ε
446 329 552 390 etenim
564 345 626 388 cum
639 336 704 388 sunt
715 345 814 386 umore
825 329 887 388 sine
898 325 976 403 ullo,

223 418 367 478 flammeus
378 422 423 474 est
435 412 603 493 plerumque
617 410 699 471 colos
710 419 740 471 et
752 409 918 490 splendidus
929 409 1010 474 ollis.

224 503 291 579 quin
306 501 389 560 etiarn
400 496 471 558 solis
484 495 519 556 de
531 493 636 555 lumine
648 492 734 554 multa
747 503 900 556 necessest

158 596 211 647 ulo
223 585 394 661 concipere,
406 589 436 640 ut
448 580 549 639 merito
559 577 678 637 rubeant
689 581 831 656 ignesque
841 576 1021 658 profundunt.

223 667 311 727 hasce
322 667 408 743 igitur
420 681 483 723 curn
495 670 596 721 ventus
608 679 697 738 agens
709 664 847 722 contrusit
857 664 885 722 in
895 678 981 721 mum

225 750 453 828 compressitque
465 746 561 806 locum
572 763 699 822 cogens,
713 763 852 824 expressa
865 744 1038 824 profundunt

226 835 349 909 semina,
361 849 433 908 quae
446 829 551 890 faciunt
564 828 688 889 dammae
700 827 813 907 fulgore
825 828 950 889 colores.

226 915 310 993 fulgit
322 916 406 990 item,
423 930 486 973 curn
499 921 648 972 rarescunt
662 928 777 991 quoque
788 911 884 972 nubila
894 910 976 973 caeli.

158 1010 210 1062 215
221 1018 284 1059 nam
297 1016 360 1058 cum
373 1006 475 1057 ventus
487 1013 536 1056 ess
548 994 653 1055 leniter
663 994 769 1056 diducit
781 997 874 1057 euntis

226 1080 430 1159 dissoluitque,
445 1078 544 1139 cadent
555 1081 673 1156 ingratis
685 1078 733 1138 illa
744 1089 897 1141 necessest

224 1167 330 1226 semina
343 1182 415 1242 quae
429 1163 536 1222 faciunt
547 1161 703 1239 fulgorem:
715 1172 772 1222 tum
783 1165 846 1223 sine
861 1172 953 1224 taetro
1014 1162 1020 1169 '

225 1258 334 1309 terrore
347 1257 376 1308 et
390 1248 484 1308 sonitu
496 1246 579 1324 fulgit
590 1245 728 1324 nulloque
739 1244 883 1307 tumultu.-

267 1331 351 1404 Quod
362 1338 512 1410 superest,
525 1331 611 1408 pacati
621 1339 716 1389 natura
732 1329 858 1408 praedita
869 1339 1002 1391 constent

161 1426 215 1478 220
226 1414 356 1493 fulmina,
369 1412 513 1474 declarant
525 1417 582 1474 ictu
594 1415 656 1474 eius
667 1415 759 1474 inusts
768 1416 883 1493 vaporis

226 1501 306 1576 signa
316 1506 458 1577 notaeque
472 1498 567 1575 gravis
578 1496 697 1557 balantis
708 1495 833 1576 sulpuris
844 1514 942 1558 sums:

226 1584 300 1659 ignis
312 1583 385 1641 enim
396 1589 461 1641 sunt
473 1581 546 1641 lraec
560 1598 618 1640 non
628 1582 705 1640 venti
717 1582 798 1659 signa
808 1598 904 1660 neque
914 1580 1021 1642 imbris.

225 1674 375 1745 praeterea
386 1683 475 1744 saepe
487 1664 647 1724 accendunt
659 1682 774 1742 quoqne
785 1674 862 1725 tecta
873 1664 1019 1724 domorum

226 1758 255 1808 et
268 1747 357 1808 celeri
369 1748 475 1807 flamma
487 1748 661 1808 dominantur
670 1751 698 1807 in
709 1748 826 1809 aedibus
838 1750 919 1828 ipsis.

160 1841 212 1894 225
223 1831 299 1892 bunc
311 1832 361 1892 tibi
372 1829 505 1891 subtilem
517 1833 687 1909 cumprimis
700 1832 813 1908 ignibus
824 1834 920 1910 iguem

226 1917 370 1977 constituit
381 1924 478 1974 natura
489 1916 600 1975 minutis
611 1914 820 1994 mobilibusque

227 2000 415 2078 corporibus,
429 1999 475 2058 cui
483 1997 522 2057 nil
534 1999 645 2058 omnino
657 1998 801 2059 obsistere
810 1999 912 2077 possit.

226 2085 323 2143 transit
336 2085 410 2143 enim
420 2080 542 2142 validum
553 2080 659 2142 fulmen
674 2083 739 2161 [per
750 2092 833 2161 septa
843 2082 990 2142 domorum

227 2164 334 2227 clamor
345 2175 375 2225 ut
385 2184 419 2226 ae
430 2183 521 2227 voces
532 2165 643 2244 transit}
658 2183 712 2244 per
722 2183 806 2242 saxu,
818 2183 872 2244 per
881 2182 957 2226 aera.

160 2257 213 2311 230
228 2258 257 2309 et
269 2248 404 2327 liquidum
415 2259 522 2329 puncto
532 2248 601 2309 facit
611 2268 662 2309 aes
671 2251 700 2308 in
712 2258 841 2328 tempore
853 2258 882 2310 et
892 2266 1007 2326 aurum,

227 2341 305 2391 curat
316 2335 383 2392 item
393 2340 427 2392 ut
436 2335 512 2392 vasis
524 2334 642 2409 integris
655 2335 718 2391 rina
728 2341 848 2412 repente

226 2414 388 2492 diffugiant,
401 2417 481 2493 quia,
494 2417 639 2492 nimirum,
651 2414 735 2475 facile
748 2419 840 2476 omniu
852 2418 959 2480 circum

227 2497 358 2558 conlaxat
368 2515 490 2576 rareque
501 2498 569 2558 fucit
580 2497 742 2560 lateramina
751 2501 828 2561 vasis

226 2580 380 2642 adveniens
394 2580 473 2641 calor
484 2584 563 2658 eius,
576 2591 606 2642 et
617 2584 771 2644 insinuatus
782 2585 810 2642 in
822 2585 914 2662 ipsum

161 2672 213 2726 235
226 2666 370 2726 mobiliter
381 2665 498 2726 soluens
510 2664 604 2726 differt
615 2666 765 2745 primordia
775 2669 842 2727 nini

225 2749 301 2828 quod
313 2748 383 2810 solis
395 2768 484 2829 vapor
494 2758 614 2810 aetutem
626 2767 682 2810 non
700 2768 788 2829 posse
801 2750 913 2810 videtur

226 2831 344 2893 efficere
357 2833 531 2910 usqueadeo
543 2832 657 2911 pollens
669 2832 784 2894 fervore
801 2849 934 2896 corusco.

224 2925 302 2975 tanto
314 2915 446 2976 mobilior
456 2919 500 2978 vis
514 2927 544 2977 et
558 2915 743 2976 dominantior
753 2917 826 2978 lraec
840 2926 894 2977 est.

266 2998 349 3059 Nunc
360 3017 394 3060 ea
406 3018 463 3078 quo
474 3010 560 3079 pacto
574 3002 724 3078 gignantur
735 3010 764 3061 et
775 3002 881 3080 impete
895 3008 973 3059 tanto

159 3089 213 3142 240
224 3082 289 3140 fiant
300 3091 330 3141 ut
342 3086 452 3160 possint
462 3084 521 3144 ictu
533 3083 695 3144 discludere
706 3086 807 3160 turris,

225 3164 382 3225 disturbare
395 3165 510 3244 domos,
522 3167 649 3227 avellere
660 3169 737 3244 tigna
748 3168 922 3246 trabesque,

224 3257 253 3307 et
265 3246 385 3308 lmnenta
397 3250 486 3308 virum
497 3250 653 3311 commoliri
664 3260 750 3329 utque
762 3253 857 3328 ciere,

224 3332 382 3390 exanimare
394 3330 538 3411 homines,
551 3334 679 3412 pecudes
692 3344 876 3412 prosternere
888 3334 1013 3414 passim,

224 3423 321 3474 cetera
332 3413 368 3475 de
381 3433 489 3491 genere
501 3416 558 3476 lroc
570 3435 624 3495 qua
635 3420 663 3476 vi
675 3417 772 3478 iacere
786 3420 878 3477 omnis
888 3419 1023 3497 possint,
