2340 3854
138 204 182 273 to
628 204 656 266 11

224 373 345 435 subdola
356 391 420 433 cum
431 371 504 432 ridet
515 369 618 450 placidi
633 369 756 449 pellacia
766 372 864 450 ponti,

160 467 213 522 550
225 460 268 520 555
280 457 331 517 tibi
342 458 367 517 si
378 456 455 515 finita
464 452 557 516 555551
568 454 719 531 primordia
730 453 866 534 praedm

226 541 516 616 constitues,aevom
527 537 673 599 debebunt
684 555 784 616 sparsa
794 556 848 616 per
860 554 972 598 ornnem

224 624 377 684 disiectare
390 632 487 683 aestus
500 621 606 681 diuersi
616 623 758 698 materiai,

224 723 372 785 numquam
383 707 411 765 in
423 703 573 766 concilium
586 712 616 763 55
627 707 738 783 possint
751 703 898 783 compulsa
908 703 987 767 coire

223 808 279 852 nec
290 791 424 849 remorari
435 791 464 848 in
475 786 599 849 concilio
609 806 666 848 nec
680 806 816 849 crescere
828 787 960 858 adaucta;

160 883 211 939 555
226 891 344 954 quorum
356 883 504 951 utrumque
515 871 608 950 palam
621 872 681 933 fieri
691 872 840 934 manifesta
849 871 936 932 docet
946 891 1013 952 res,

224 966 253 1018 55
263 977 312 1018 555
326 957 458 1035 progigni
470 964 499 1016 55
512 957 623 1033 genitas
636 972 826 1034 procrescere
839 972 936 1034 posse.

224 1060 292 1102 esse
302 1042 389 1117 igitur
400 1057 509 1117 genere
521 1041 549 1098 iu
560 1041 662 1116 quovis
673 1039 825 1118 primordia
835 1057 930 1100 rerum

224 1125 328 1185 infinita
338 1122 431 1202 palam
442 1131 506 1200 est,
518 1121 593 1182 unde
605 1125 697 1183 omnia
712 1122 936 1202 suppeditantur.
958 1181 960 1185 .

264 1207 328 1268 Nec
339 1224 476 1285 superare
488 1216 595 1285 queunt
605 1215 698 1267 555555
709 1208 805 1285 555555
816 1206 948 1269 exitiales

161 1301 212 1356 550
224 1301 365 1373 perpetuo
376 1309 472 1370 noque
482 1292 511 1349 in
522 1299 667 1351 aeternum
678 1290 806 1370 sepelire
816 1290 956 1370 salutem,

223 1395 283 1457 555
294 1392 382 1455 porro
392 1392 488 1434 rorum
498 1373 641 1451 genitales
656 1375 837 1453 auctificique

223 1470 316 1520 motus
327 1468 470 1538 perpetuo
481 1467 602 1536 possunt
613 1476 731 1521 5555555
743 1467 847 1521 creata.

224 1547 267 1604 sic
279 1560 372 1621 aequo
383 1543 495 1618 geritur
508 1543 660 1602 certamine
671 1544 873 1621 principiorum

226 1646 264 1688 ex
275 1626 381 1686 infinito
392 1633 567 1685 contractum
578 1634 708 1704 tempore
720 1625 836 1685 bellum.

163 1719 215 1775 575
229 1709 361 1771 55551555
376 1727 451 1769 nuno
463 1708 524 1768 illic
535 1718 670 1787 superant
681 1708 777 1768 uitalia
788 1726 898 1784 rerum,

225 1804 254 1856 55
266 1801 433 1873 superantur
446 1793 522 1852 itam.
535 1795 670 1852 miscetur
681 1792 781 1853 555555
796 1809 902 1870 vagor,

225 1896 308 1958 quern
320 1878 402 1957 pueri
413 1875 515 1936 tollunt
527 1877 646 1936 uisentis
659 1875 770 1937 luminis
785 1893 865 1936 oras:

224 1978 348 2023 necnon
362 1959 419 2020 ulla
428 1959 506 2020 diem
517 1977 612 2038 noque
623 1968 739 2020 noctem
748 1977 849 2020 aurora
860 1968 1003 2038 secutast,

225 2064 297 2126 quae
310 2063 366 2106 nou
378 2043 496 2105 audierit
507 2045 611 2104 mixtos
624 2044 766 2121 vagitibus
777 2045 873 2122 aegris

161 2139 213 2194 580
228 2130 373 2211 ploratus,
386 2129 484 2189 mortis
497 2130 616 2188 comites
628 2138 657 2189 et
668 2127 776 2189 funeris
788 2131 849 2189 atri.

265 2214 339 2274 Illud
350 2212 433 2272 inhia
448 2211 626 2289 obsignatum
637 2230 752 2292 quoque
762 2213 849 2274 rebus
862 2211 970 2272 habere

226 2299 359 2358 convenit
369 2306 399 2357 et
412 2298 530 2356 memori
541 2295 698 2356 mandatum
711 2305 807 2358 555555
819 2305 935 2371 tenere,

224 2382 264 2441 nil
276 2400 344 2443 esse
354 2426 364 2457 ,
376 2382 404 2439 in
417 2388 551 2459 promptu
568 2396 688 2457 quornm
698 2389 796 2441 natura
806 2379 934 2456 ridetur,

225 2464 302 2544 quod
313 2481 422 2541 gerare
436 2480 475 2522 ex
487 2479 544 2522 uno
556 2465 694 2525 consistat
705 2465 924 2544 principiorum,

161 2559 282 2613 585555
296 2549 446 2626 quicquam
461 2546 538 2625 quod
548 2564 604 2606 non
615 2550 757 2626 permixto
770 2551 879 2610 semine
893 2554 1021 2607 constet:

226 2643 255 2695 et
266 2630 466 2711 quodcumque
480 2633 569 2708 magis
581 2633 624 2692 555
636 2633 737 2694 multas
751 2633 882 2713 possidet
892 2633 921 2692 in
932 2648 965 2692 se
1040 2675 1042 2678 Α

226 2727 311 2796 atque
322 2725 500 2795 potestates,
516 2717 554 2776 ita
565 2715 683 2795 plurima
695 2720 899 2797 principiorum

225 2805 253 2861 in
264 2820 332 2862 sese
344 2818 451 2877 genera
461 2817 496 2859 55
508 2802 600 2863 varias
615 2801 701 2862 docet
712 2821 780 2863 esse
795 2803 908 2880 figuras.

226 2886 366 2965 principio
381 2883 467 2945 tellus
479 2884 567 2944 habet
577 2888 605 2943 in
616 2903 649 2944 55
662 2903 785 2963 corpora
795 2888 901 2962 prima,

164 2969 301 3032 59055515
313 2986 389 3029 mare
403 2971 558 3028 inmensum
570 2966 722 3026 volventes
735 2968 842 3042 frigora
853 2965 948 3024 iontes

226 3052 344 3113 adsidue
355 3062 513 3127 renovent,
526 3049 612 3107 1551555
622 3048 706 3122 ignes
721 3046 795 3106 unde
806 3048 943 3105 oriantur:

227 3154 290 3196 nam
302 3133 397 3196 multis
410 3149 552 3196 succensa
563 3129 636 3190 locis
647 3129 747 3188 ardent
757 3129 819 3189 5515
828 3137 941 3202 terrae,

228 3220 338 3279 eximiis
352 3237 423 3279 5555
435 3218 501 3279 furit
515 3214 627 3292 ignibus
638 3213 761 3289 impetus
775 3211 901 3271 Aetnae:

228 3314 285 3364 tum
298 3319 384 3382 porro
395 3301 496 3363 nitidas
507 3298 605 3375 fruges
618 3295 788 3372 arbustaque
804 3292 877 3353 laeta

167 3395 218 3451 505
230 3388 364 3465 gentibus
375 3384 503 3445 humanis
514 3381 599 3441 1551555
613 3377 687 3440 unde
700 3376 843 3437 extoliere
856 3377 965 3457 possit,

232 3470 305 3530 unde
319 3472 403 3530 555555
415 3468 516 3528 1155555
531 3461 647 3523 irondes
659 3468 704 3540 etp
764 3459 801 3520 da
809 3460 883 3522 laeta
