2340 3854
137 197 201 264 104
614 198 655 262 Ν

264 368 396 446 Denique
407 367 446 427 uil
457 367 525 429 sciri
536 367 626 445 siquis
638 376 733 445 putat,
746 366 775 427 id
785 384 900 447 quoque
912 369 1009 430 nescit

223 471 257 514 an
273 452 340 512 sciri
351 453 461 529 possit,
473 451 605 529 quoniam
615 449 654 509 oil
666 451 742 511 scire
754 449 865 511 latetur.

223 536 299 596 bunc
312 535 399 612 igitur
410 545 510 595 contra
523 535 631 593 mittam
644 533 820 595 contendere
832 552 966 614 causam,

158 624 211 679 470
223 620 271 699 qui
282 619 376 697 capite
387 619 451 696 ipse
461 635 512 678 sua
523 617 550 677 in
562 619 658 677 statuit
672 619 794 696 vestigia
808 637 885 679 sese.

223 711 355 763 ettamen
369 699 426 762 boc
437 719 553 781 quoque
562 702 602 761 uti
614 699 770 761 concedam
781 703 875 780 scire,
886 712 915 764 at
922 701 952 763 id
963 704 1058 783 ipsum

224 802 373 864 quaeram,
387 803 451 846 cum
461 787 489 844 in
501 783 588 844 rebus
600 784 662 844 veri
677 783 716 844 nil
727 785 831 845 viderit
843 795 925 865 ante,

224 869 297 928 unde
309 869 381 928 sciat
392 866 459 946 qnid
471 869 507 928 sit
518 869 593 928 scire
606 876 636 928 et
652 869 766 928 nescire
777 869 921 947 vicissim,

223 953 348 1013 notitiam
359 953 421 1011 veri
433 968 564 1028 quaeres
579 949 701 1029 ialsique
714 954 835 1030 crearit,

158 1041 211 1096 475
222 1044 252 1095 et
263 1033 377 1094 dubium
392 1042 472 1095 certo
485 1050 618 1112 quaeres
630 1033 744 1095 differre
756 1035 890 1113 probarit.

223 1120 352 1179 iuvenies
367 1118 464 1197 primis
478 1118 514 1178 ab
527 1117 661 1180 sensibus
671 1137 739 1178 esse
753 1129 875 1179 creatam

223 1203 352 1263 notitiem
361 1204 439 1277 veri,
451 1218 546 1280 oeque
559 1220 662 1262 sensus
674 1219 763 1279 posse
779 1201 874 1263 relelli

223 1304 287 1347 nam
297 1286 403 1345 maiore
415 1285 471 1346 lide
483 1284 572 1345 debet
584 1287 740 1364 reperirier
749 1284 835 1363 illud,

225 1378 328 1449 sponte
340 1387 391 1432 soa
401 1371 479 1430 veris
491 1367 567 1449 quod
580 1370 672 1448 possit
682 1370 800 1429 vincere
812 1368 897 1430 lalsa:

158 1461 212 1516 480
225 1453 292 1533 quid
303 1455 408 1513 maiore
421 1452 475 1513 lide
486 1470 573 1532 porro
585 1470 668 1532 quam
682 1471 784 1513 sensus
796 1452 895 1514 baberi

225 1533 333 1597 debet?
344 1554 380 1596 au
390 1536 425 1596 ab
438 1555 525 1599 sensu
540 1536 613 1597 lalso
625 1537 697 1596 ratio
709 1547 771 1597 orta
781 1535 889 1597 valebit

225 1621 322 1681 dicere
335 1637 387 1680 eos
399 1630 513 1697 contra,
526 1638 598 1701 qnae
611 1630 670 1680 tota
680 1620 716 1680 ab
728 1620 861 1681 sensibus
876 1629 937 1681 crta
947 1619 1018 1682 est?

226 1706 273 1784 qni
284 1705 338 1765 nisi
349 1714 414 1765 sont
429 1706 506 1782 reri,
518 1706 589 1764 ratio
602 1721 717 1782 qnoque
729 1703 801 1764 falsa
812 1705 843 1765 bt
854 1705 953 1765 omnis.

224 1805 259 1848 an
271 1795 405 1867 poterunt
416 1788 518 1850 oculos
529 1805 613 1848 aures
625 1785 858 1867 reprehendere,
869 1805 903 1847 an
914 1805 998 1850 aures

158 1879 212 1934 485
224 1868 337 1933 tactus?
348 1889 383 1931 au
392 1871 467 1931 hunc
480 1889 567 1950 porro
578 1880 684 1931 tactum
696 1889 781 1950 sapor
791 1881 892 1949 arguet
902 1874 978 1950 oris,

224 1974 259 2015 an
271 1955 455 2016 confutabunt
466 1973 550 2015 nares
563 1954 677 2016 oculive
688 1952 857 2016 revincent?

224 2057 298 2117 non,
315 2048 345 2099 ut
359 2041 477 2119 opinor,
489 2042 528 2100 ita
540 2047 593 2099 est.
607 2057 671 2098 nam
683 2056 816 2100 seorsum
826 2040 929 2117 cuique
939 2048 1072 2118 potestas

226 2123 359 2200 divisast,
372 2126 477 2185 suavis
490 2125 639 2201 cuiquest,
652 2121 776 2201 ideoque
788 2141 912 2184 necesse
924 2133 970 2184 est

226 2216 256 2267 et
270 2207 346 2286 quod
358 2206 446 2269 molle
459 2210 496 2269 sit
508 2217 537 2269 et
548 2207 674 2284 gelidum
686 2206 839 2268 fervensve
852 2224 983 2268 seorsum

160 2299 214 2353 490
226 2301 256 2351 et
267 2308 398 2351 seorsum
409 2293 504 2351 varios
515 2309 609 2350 rerum
622 2291 729 2352 sentire
743 2290 874 2367 colores,

226 2383 255 2434 et
267 2392 464 2452 quaecumque
476 2373 614 2434 coloribu’
627 2375 683 2434 sint
696 2376 846 2435 coniuncta
856 2374 969 2434 videre:

226 2474 343 2519 seorsus
355 2458 423 2516 item
437 2474 523 2536 sapor
538 2459 595 2518 oris
607 2456 693 2517 habet
703 2460 777 2535 vim,
791 2476 908 2519 seorsus
920 2457 1026 2520 odores

225 2548 394 2617 nascuntur,
407 2557 520 2600 sorsum
532 2542 651 2601 sonitus.
667 2540 791 2620 ideoque
803 2561 927 2603 necesse
939 2549 985 2602 est

224 2641 280 2684 non
291 2624 402 2702 possint
412 2623 484 2684 alios
496 2623 543 2684 alii
555 2627 727 2686 convincere
739 2644 851 2687 seusus.

160 2716 213 2771 495
224 2726 280 2769 nec
292 2725 378 2787 porro
393 2716 528 2788 poterunt
540 2709 595 2787 ipsi
608 2708 821 2788 reprehendere
834 2727 919 2785 sese,

224 2811 315 2871 aequa
327 2792 397 2853 fides
410 2794 540 2870 quoniam
551 2791 668 2854 debebit
678 2811 795 2870 semper
805 2792 911 2853 baberi.

224 2876 344 2955 proinde
359 2875 435 2954 quod
447 2879 475 2936 in
486 2886 630 2956 quoquest
642 2877 686 2936 bis
697 2878 790 2937 visum
802 2885 948 2953 tempore,
961 2885 1104 2939 vernunst.

226 2970 255 3021 et
267 2963 291 3021 si
302 2978 359 3021 non
370 2963 475 3039 poterit
486 2962 557 3020 ratio
570 2957 731 3019 dissolvere
743 2974 873 3032 causam,

226 3061 276 3103 cur
287 3063 322 3104 ea
334 3062 406 3122 quae
419 3043 522 3104 luerint
533 3043 630 3101 iuxtim
642 3040 790 3119 quadrata,
804 3035 906 3117 procul
918 3040 973 3098 sint

160 3136 213 3188 500
223 3128 285 3187 visa
296 3126 431 3203 rutunda,
443 3136 537 3187 tamen
548 3133 675 3205 praestat
685 3125 801 3184 rationis
813 3130 946 3199 egentem

224 3209 346 3270 reddere
357 3210 494 3269 mendose
507 3227 607 3270 causas
617 3208 762 3284 utriusque
776 3205 903 3282 figurae,

225 3311 308 3372 quam
319 3292 446 3354 manibus
461 3293 609 3353 manifesta
620 3293 678 3352 suis
690 3291 821 3350 emittere
833 3307 974 3369 quoquam

224 3384 253 3437 et
267 3376 375 3436 violare
388 3374 471 3436 iidem
483 3377 600 3453 primam
612 3384 641 3435 et
652 3372 818 3434 convellere
830 3383 889 3433 tota

223 3459 403 3521 fundamenta
414 3458 517 3537 quibus
529 3460 638 3518 nixatur
648 3459 706 3516 vita
720 3456 865 3537 salusque.
