2340 3854
584 220 612 280 V

98 395 167 453 1335
181 405 237 448 nee
250 395 381 467 poteraut
395 387 479 447 ullam
491 395 599 465 partem
609 386 768 449 redducere
780 406 893 449 eorum·

184 469 350 549 diffugiebat
361 471 435 531 enim
446 474 552 530 varium
562 490 654 550 genus
667 489 750 532 omne
761 472 897 541 ierarum3

183 562 214 614 ut
226 571 301 614 nunc
313 571 403 632 saepe
413 555 504 614 bores
516 555 599 614 lucae
611 555 688 615 ferro
698 556 772 615 male
782 565 891 617 mactae

184 636 348 714 diffugiunt,
362 638 422 698 fera
434 637 492 697 iate
504 639 563 697 suis
575 655 639 698 cum
650 639 735 698 multa
747 638 863 703 dedere.

184 722 227 781 sic
242 720 295 780 fuit
305 729 335 779 ut
345 721 483 781 iacerent.
497 719 550 781 aed
560 722 609 782 rin
620 721 746 782 adducor
756 732 804 800 ut,
818 730 882 782 ante

98 811 169 867 1310
183 822 265 883 quarn
278 820 425 865 commune
438 802 540 864 malum
552 804 634 865 lieret
648 805 835 885 foedumque,
852 806 973 866 futurum

182 905 238 952 non
250 888 371 967 quierint
381 890 472 949 animo
483 890 660 966 praesentire
675 899 760 968 atque
771 888 879 951 videre.

184 972 227 1051 [et
237 972 326 1049 magis
339 969 368 1030 id
381 972 476 1050 possis
487 971 591 1031 iactum
607 973 780 1035 contendere
791 975 818 1032 in
830 974 903 1033 omni

182 1057 210 1113 in
221 1057 306 1115 variis
320 1054 428 1114 mundis
439 1056 516 1114 varia
527 1057 636 1115 ratione
652 1059 755 1117 creatis

183 1156 265 1216 quam
277 1146 357 1198 certo
367 1147 452 1217 atqie
463 1154 519 1198 uno
532 1147 665 1199 terramm
679 1140 806 1219 quolibet
821 1141 893 1219 orbi]

98 1229 167 1284 1345
183 1223 235 1281 sed
245 1222 343 1282 iacere
359 1221 387 1280 id
399 1238 454 1281 non
468 1230 523 1281 tam
534 1223 665 1284 vincendi
681 1241 735 1301 epe
747 1223 912 1299 voluerunt,

182 1323 265 1384 quam
277 1304 344 1365 dare
356 1305 432 1383 quod
441 1314 590 1382 gemerent
600 1306 715 1383 hostes,
728 1307 842 1385 ipsique
855 1309 965 1384 perire,

182 1390 230 1468 qui
243 1405 359 1448 numero
374 1388 538 1449 diffidebant
549 1391 689 1467 armisque
699 1390 845 1449 vacabant.

224 1472 335 1533 Nexilis
346 1481 410 1532 ante
424 1473 476 1532 fuit
487 1474 576 1533 vestis
589 1490 672 1551 quam
682 1472 783 1534 textile
794 1482 918 1552 tegmen.

181 1555 280 1616 textile
296 1564 362 1634 post
372 1557 520 1633 ferrumst‚
534 1558 599 1634 quia
610 1558 686 1616 ferro
700 1558 757 1617 tela
768 1566 895 1636 paratur,

100 1647 167 1702 1350
180 1657 235 1699 nec
246 1643 355 1699 ratione
365 1639 419 1701 alia
430 1649 550 1718 possunt
561 1649 616 1700 tam
627 1641 698 1700 levia
711 1643 789 1718 gigni

181 1723 272 1783 insilia
283 1741 317 1782 ac
329 1723 399 1800 lusi,
414 1723 501 1799 radii,
518 1726 656 1803 scapique
668 1734 811 1785 sonantes.

182 1815 210 1865 et
221 1806 318 1866 iacere
331 1816 394 1866 ante
405 1809 482 1866 viros
493 1807 582 1866 lanam
595 1816 692 1869 natura
704 1810 802 1886 coligit

180 1907 263 1967 quam
273 1890 410 1950 muliebre
422 1909 528 1968 genus:
541 1909 603 1951 nam
618 1892 703 1970 longe
716 1894 879 1970 praestatio
891 1901 951 1952 arte

180 1982 209 2031 et
220 1973 364 2034 sollertius
377 1984 421 2034 est
431 1975 519 2035 multo
531 1993 623 2051 genus
635 1993 717 2035 omne
730 1975 827 2044 virile;

96 2064 164 2118 1355
180 2057 324 2134 agricolae
336 2056 428 2117 donec
439 2060 507 2117 vitio
518 2067 632 2118 vertere
647 2060 758 2135 severi,

179 2149 210 2200 ut
221 2140 403 2200 muliebribus
415 2141 444 2200 id
454 2142 581 2202 manibus
594 2141 754 2202 concedere
766 2142 873 2202 vellent

179 2232 264 2301 atque
276 2226 331 2303 ipsi
343 2227 448 2303 pariter
460 2225 557 2284 durum
568 2226 687 2285 suiierre
699 2224 842 2301 laborem,

179 2315 264 2386 atque
275 2324 365 2386 opere
380 2310 407 2367 in
424 2309 493 2369 duro
506 2309 638 2371 durarent
649 2309 772 2369 membra
784 2327 949 2388 manusque.

220 2390 258 2449 At
270 2393 416 2469 specimen
427 2394 542 2452 sationis
554 2402 583 2453 et
594 2394 731 2454 insitionis
743 2395 824 2471 origo

93 2481 163 2537 1360
176 2475 239 2551 ipsa
252 2474 304 2534 luit
314 2492 407 2534 rerum
418 2477 535 2554 primum
546 2487 643 2539 natura
656 2479 791 2554 creatrix,

178 2557 326 2618 arboribus
338 2562 470 2636 quoniam
480 2560 569 2620 bacae
579 2561 756 2640 glandesque
770 2561 895 2622 caducae

177 2643 346 2719 tempestiva
358 2643 459 2704 dabant
471 2643 610 2721 pullorum
623 2648 750 2704 examina
763 2655 876 2723 supter;

177 2723 251 2784 unde
264 2726 347 2784 etiam
359 2726 493 2786 libitumst
504 2728 599 2804 stirpis
613 2730 787 2787 committere
799 2729 882 2787 ramis

178 2816 207 2866 et
218 2824 292 2869 nova
303 2807 440 2869 defodere
451 2813 478 2870 in
491 2819 592 2869 terram
601 2809 722 2887 virgulta
735 2826 788 2887 per
799 2824 894 2888 agros.

92 2900 160 2955 1365
175 2890 241 2950 inde
253 2892 334 2953 allam
350 2901 434 2972 atque
447 2893 527 2953 aliam
539 2893 674 2953 culturam
686 2892 778 2952 dulcis
789 2893 874 2970 agelli

176 2976 364 3054 temptabant,
378 2977 544 3056 fructusque
556 2978 634 3037 leros
646 2994 846 3037 mansuescere
862 2985 961 3038 terram

177 3058 331 3119 cernebant
342 3059 514 3138 indulgendo
528 3060 688 3140 blandeque
701 3059 834 3120 colendo.

176 3142 262 3220 inque
274 3142 335 3202 dies
345 3146 435 3222 magis
447 3147 474 3203 in
485 3153 607 3204 montem
619 3143 778 3205 succedere
790 3143 877 3205 silvas

177 3226 321 3302 cogebant
332 3226 460 3306 infraque
473 3228 567 3302 lopurn
581 3229 742 3288 concedere
756 3226 854 3305 cultis,

91 3316 161 3373 1370
175 3318 255 3386 prata
267 3309 345 3369 lacus
357 3313 434 3371 rivos
446 3322 561 3391 segetes
575 3314 727 3391 vinetaque
739 3311 811 3372 laeta

176 3391 297 3453 collibus
310 3402 338 3452 et
350 3398 456 3474 campis
467 3405 497 3455 ut
509 3397 661 3473 baberent,
678 3405 763 3474 atque
776 3397 902 3458 olearum

175 3477 288 3536 caerula
300 3475 475 3556 distinguens
488 3482 560 3541 inter
571 3479 655 3559 plaga
668 3497 782 3542 currere
796 3491 896 3560 posset

132 3563 292 3620 Lucasrrcs.
896 3565 934 3628 ll
