2340 3854
138 228 178 293 86
618 226 657 286 lll

158 404 210 459 890
222 395 347 473 frigore,
362 413 425 454 cum
438 410 545 453 summo
561 392 649 471 gelidi
665 394 748 454 cubat
759 412 885 473 aequore
897 395 975 472 saxi,

220 481 354 577 urgerive
367 494 491 554 superne
503 477 635 537 obtritum
646 477 774 554 pondere
789 487 891 538 terrae.

276 552 365 620 ‘'lam
357 578 410 619 ram
422 578 479 620 non
491 559 590 620 domus
602 562 726 639 accipiet
737 570 766 620 tc
778 559 852 621 laeta
859 580 975 641 ‚neque
987 580 1064 623 uxor

222 646 327 724 optima
337 663 392 704 nee
403 643 503 705 dulces
516 653 667 704 occurrent
679 643 778 704 oscula
789 647 845 705 nati

221 730 386 809 praeripere
398 737 427 788 ct
441 729 526 788 tacita
537 736 640 804 pectus
653 727 803 788 dulcedine
815 737 940 805 tangent.
1000 774 1005 787 .

159 821 210 875 895
224 830 280 871 non
292 814 400 890 poteris
413 810 496 870 factis
509 810 673 871 florentibus
686 829 753 871 esse
761 813 898 910 ‚tuisque

223 894 403 975 praesidium
416 895 646 954 miseromisere‘
659 886 749 953 aiunt
756 911 848 956 omma
858 895 961 956 ademit

221 998 276 1038 una
288 979 351 1038 dies
365 977 468 1038 infesta
479 977 529 1037 tibi
540 986 583 1037 tot
594 980 716 1078 praemia
727 979 822 1038 ritae!

223 1062 311 1122 illud
303 1081 331 1120 m
344 1061 387 1122 his
399 1060 485 1121 rebus
499 1078 555 1120 non
567 1053 701 1137 addunt‚‘
708 1080 763 1121 nec
774 1064 825 1123 tibi
837 1080 932 1123 aarum

223 1151 276 1207 iam
291 1145 461 1206 desiderium
473 1163 567 1205 rerum
578 1162 665 1244 spper
674 1145 778 1205 insidet
791 1147 863 1206 ιιιιιι.

160 1240 212 1294 900
226 1230 300 1310 quod
313 1231 388 1289 benc
399 1249 423 1289 sr
417 1228 547 1289 'videant
558 1231 649 1288 animo
660 1228 801 1308 dictisque
816 1240 985 1309 sequantur,

223 1315 379 1375 dissoluant
393 1315 475 1373 animi
487 1331 588 1390 magno
601 1333 634 1374 se
645 1331 752 1391 angore
764 1324 908 1392 metuque.

224 1392 268 1457 ‘tn
281 1398 394 1477 quidem
405 1407 435 1456 ut
447 1417 479 1458 es
491 1397 551 1458 leto
564 1400 691 1477 sopitus,
704 1399 815 1458 sicaris
828 1400 891 1458 aevi

225 1482 300 1560 quod
313 1491 457 1560 superest
470 1483 580 1542 cunctis
592 1483 711 1560 privatu'
727 1480 873 1542 doloribus
885 1484 995 1561 aegris:

223 1575 250 1624 at
260 1583 313 1626 nos
324 1564 457 1624 horrifico
474 1564 644 1626 cinefactum
655 1575 684 1625 te
696 1584 788 1644 prope
801 1567 885 1626 busto

158 1658 208 1712 905
224 1648 419 1709 insatiabiliter
430 1648 613 1725 deflevimus,
626 1659 829 1728 aetemumqne

224 1731 299 1792 nulla
311 1732 372 1792 dies
384 1732 467 1791 nobis
480 1750 621 1792 merorem
634 1752 650 1792 e
662 1743 783 1812 pectore
796 1733 909 1793 demet.'

223 1816 292 1876 illud
303 1816 338 1875 ab
350 1815 406 1874 hoc
418 1816 504 1893 igitur
519 1815 709 1894 quaerendum
720 1826 782 1893 cst,
796 1817 863 1896 quid
874 1819 910 1878 sit
921 1818 1006 1877 amari

224 1908 302 1960 tanto
316 1917 422 1978 opere,
436 1899 470 1958 ad
482 1917 609 1959 somnum
621 1901 645 1961 si
655 1919 703 1961 res
715 1900 788 1960 redit
800 1910 885 1980 atque
898 1903 1041 1980 quietem,

226 2003 276 2044 our
287 1986 435 2082 quisquam
447 1993 564 2044 aeterno
578 1986 670 2063 possit
681 1985 834 2045 tabescere
848 1985 936 2044 luctu

160 2076 212 2128 910
267 2068 329 2128 Hoc
345 2070 429 2128 etiam
443 2067 548 2128 faciunt
560 2069 608 2128 ubi
620 2068 792 2129 discubuere
805 2077 960 2168 tenentque

224 2152 328 2232 pocula
339 2170 427 2231 saepe
440 2150 568 2212 homines
580 2162 608 2213 ct
620 2153 776 2212 inumbrant
791 2169 840 2211 ora
852 2154 984 2227 coronis,

225 2255 262 2296 ex
276 2238 367 2296 animo
378 2246 409 2295 ut
422 2227 530 2295 dicant‘
535 2237 631 2296 brevis
643 2235 689 2295 bic
702 2245 747 2296 cst
758 2236 867 2297 fructus
879 2235 1027 2298 homullis.

225 2323 278 2378 iam
289 2319 374 2380 fuerit
382 2337 497 2397 ‚neque
512 2329 579 2398 post
591 2336 720 2417 umquam
731 2337 870 2380 revocare
882 2319 1000 2383 licebit?

224 2404 382 2481 tamquam'
373 2420 401 2460 m
412 2413 503 2462 morte
514 2401 579 2461 mali
592 2405 763 2481 cumprimis
775 2402 831 2464 hoo
843 2406 879 2465 sit
891 2422 1006 2481 eorum,

161 2493 211 2545 915
228 2488 303 2564 quod
314 2487 375 2545 sitis
389 2494 488 2544 exurat
500 2487 620 2546 miseros
631 2496 717 2563 atque
728 2487 804 2546 arida
815 2496 925 2567 torres,

224 2578 271 2630 aut
282 2569 353 2629 aliae
368 2570 446 2628 cuius
458 2569 629 2630 desiderium
640 2570 759 2630 insideat
771 2573 822 2631 rei.

224 2672 280 2714 nec
291 2654 345 2713 sibi
356 2654 430 2713 enim
442 2655 588 2732 quisquam
600 2663 657 2714 tum
669 2674 701 2715 se
712 2657 854 2734 vitamque
866 2655 1000 2732 requirit.

226 2757 290 2797 cum
303 2739 409 2817 pariter
420 2756 500 2798 mens
515 2748 544 2798 et
557 2756 661 2818 corpus
674 2742 766 2819 sopita
780 2743 944 2819 quiescunt:

225 2840 287 2881 nam
299 2822 368 2883 licet
379 2832 589 2902 aetemum-per
599 2842 651 2884 nos
664 2827 707 2886 sic
719 2843 785 2885 esse
797 2841 850 2902 per
862 2838 979 2896 aevom,

160 2912 212 2966 920
224 2925 284 2965 nec
291 2906 462 2967 desiderium
475 2910 565 2968 nostri
578 2926 630 2968 nos
642 2908 736 2967 adficit
749 2907 853 2965 ullum:

225 2999 357 3050 ettamen
369 2989 442 3050 lraud
453 3009 591 3070 quaquam
602 3000 716 3049 nostros
727 2998 794 3048 tunc
806 2986 853 3045 illa
866 3003 918 3064 per
929 2992 1005 3042 artus

225 3073 311 3152 longe
324 3074 359 3134 ab
372 3076 521 3135 sensiferis
535 3072 685 3152 primordia
697 3071 820 3130 motibus
833 3075 942 3144 errant,

226 3175 290 3218 cum
303 3167 453 3237 correptus
465 3159 549 3217 lromo
562 3175 599 3217 ex
610 3170 710 3216 somno
723 3172 756 3214 se
769 3151 899 3229 colligit
891 3169 964 3231 rpse.

224 3240 331 3302 multo
323 3244 409 3320 igitur
419 3250 539 3301 mortem
550 3243 640 3298 minus
652 3238 685 3296 ad
696 3254 749 3296 nos
761 3253 828 3296 csse
839 3235 1036 3314 putandumst:

161 3335 211 3388 995
226 3327 352 3385 siminus
365 3343 432 3385 esse
444 3332 543 3401 potest
554 3339 636 3400 quam
650 3319 725 3399 quod
739 3319 777 3379 nil
790 3338 857 3380 esse
869 3320 1012 3381 videmus:

225 3410 312 3468 maior
326 3409 400 3466 enim
412 3406 511 3465 turbae
523 3403 660 3466 disiectus
671 3405 796 3464 materiai

226 3491 410 3569 consequitur
419 3488 497 3565 leto,
509 3506 564 3549 nec
576 3490 722 3567 quisquam
736 3491 901 3568 expergitus
916 3496 1025 3564 exstat,
