2340 3854
557 183 584 247 ll

153 367 192 408 ex
202 348 318 410 ineunte
330 364 405 410 aevo
414 346 494 409 nullo
510 348 660 411 coniuncta
674 347 782 411 colore.

153 435 242 492 omnis
255 432 330 493 enim
341 430 424 495 color
436 432 550 494 omnino
561 441 683 494 mutatur
692 434 721 493 in
735 432 842 500 omnim

85 523 138 578 750
152 515 230 595 quod
240 516 339 578 lacero
351 514 426 576 haud
439 515 499 576 ullo
511 516 617 578 debent
631 516 782 596 primordia
793 527 888 596 pacto.

150 599 323 661 immutabile
334 601 408 660 enim
420 599 552 678 quiddam
564 617 701 680 superare
713 610 882 679 necessest,

150 703 186 745 ne
199 702 247 745 res
259 684 295 744 ad
306 681 392 744 nilum
402 682 567 761 redigantur
577 683 701 745 funditus
716 701 830 744 omnes:

150 786 212 829 nam
226 767 428 848 quodcumque
439 769 499 828 suis
514 776 648 829 mutatum
663 768 765 829 linibus
776 770 852 844 exit,

151 853 285 913 continuo
296 851 354 912 lroc
363 868 441 913 mors
456 860 502 912 est
513 849 590 913 illius
603 851 681 932 quod
693 851 745 912 fuit
755 860 830 912 ante.

85 943 137 998 ⁷55
151 935 271 1016 proinde
285 933 384 996 colore
399 953 469 996 cave
484 936 633 1015 contingas
644 937 753 999 semina
762 953 876 1014 rerum,
920 980 924 987 .

148 1039 186 1081 ne
197 1019 248 1080 tini
259 1037 308 1083 res
321 1019 439 1081 redeant
450 1019 486 1081 ad
496 1020 583 1080 nilum
595 1021 720 1081 funditus
732 1037 841 1081 omnes.

190 1103 342 1165 Praeterea
354 1104 379 1165 si
389 1102 466 1164 nulla
480 1102 586 1166 coloris
598 1105 747 1185 principiis
759 1112 805 1165 est

147 1187 257 1249 reddita
271 1196 369 1248 natura
378 1197 409 1248 et
418 1188 503 1249 variis
515 1198 580 1250 sunt
590 1187 718 1269 praedita
730 1187 847 1263 formis,

148 1290 165 1332 e
177 1272 280 1350 quibus
292 1289 375 1331 omne
387 1290 479 1350 genus
494 1273 614 1349 gignunt
624 1272 789 1349 variantque
802 1268 918 1330 colores

83 1363 136 1420 760
150 1363 323 1435 propterea,
335 1357 429 1431 magni
441 1354 519 1433 (prod
529 1354 619 1416 relert
631 1355 739 1416 semina
751 1370 882 1432 quaeque

148 1457 213 1500 cum
226 1438 328 1518 quibus
340 1445 370 1497 et
384 1436 459 1516 quali
472 1439 600 1517 positura
613 1438 811 1499 contineantur

147 1532 176 1584 et
188 1539 261 1602 quos
274 1523 392 1582 interae
404 1520 471 1582 dent
484 1530 578 1583 motus
590 1522 807 1601 accipiantque,

145 1604 284 1688 perfacile
297 1604 444 1685 extemplo
458 1607 594 1666 rationem
606 1604 727 1666 reddere
741 1606 854 1685 possis,

147 1709 199 1755 cur
209 1707 243 1751 ea
256 1708 329 1770 quae
340 1690 423 1766 nigro
435 1689 540 1750 inerint
551 1688 637 1768 paulo
648 1699 713 1750 ante
727 1688 845 1767 colore,

82 1783 133 1840 765
144 1791 302 1835 marmoreo
317 1775 379 1834 lieri
390 1775 502 1853 possint
514 1773 638 1835 candore
651 1782 788 1853 repente;

146 1869 176 1920 ut
188 1876 284 1936 mare,
299 1876 363 1919 cum
373 1859 468 1936 magni
481 1867 657 1919 commorunt
670 1874 796 1936 aequora
807 1859 903 1935 venti,

63 2010 67 2015 ,
144 1944 266 2005 vertitur
276 1943 304 2001 in
317 1959 404 2003 canos
419 1941 549 2003 candenti
560 1960 700 2003 marmore
715 1941 833 2002 ductus:

144 2028 243 2087 dicere
254 2027 330 2086 enim
343 2025 440 2104 possis
450 2070 459 2102 ‚
471 2026 581 2102 nigrum
592 2016 669 2103 quod
682 2043 772 2102 saepe
784 2023 932 2102 videmus,

144 2111 277 2170 materies
290 2109 338 2169 ubi
350 2108 490 2188 permixta
503 2118 548 2168 est
559 2106 635 2169 illius
647 2118 676 2168 et
689 2107 760 2167 ordo

78 2201 132 2260 770
143 2193 291 2274 principiis
303 2200 424 2252 mutatus
438 2201 467 2252 et
478 2190 572 2252 addita
582 2191 755 2271 demptaque
766 2191 920 2271 quaedam,

144 2279 277 2340 continuo
290 2275 319 2336 id
336 2276 397 2338 lieri
409 2286 439 2337 ut
452 2275 577 2337 candens
591 2276 720 2338 videatur
732 2285 761 2338 et
772 2275 875 2337 album.

142 2362 220 2442 quod
235 2363 260 2423 si
272 2359 413 2422 caeruleis
426 2370 590 2423 constarent
601 2378 728 2441 aequora
738 2363 818 2441 ponti

141 2447 313 2524 seminibus,
330 2444 409 2506 nullo
423 2454 543 2524 possent
554 2443 705 2507 albescere
718 2454 820 2524 pacto:

141 2549 205 2592 nam
216 2548 397 2610 quocumque
408 2529 493 2590 modo
509 2531 662 2609 perturbes
678 2529 791 2592 caerula
806 2547 879 2608 quae
894 2530 968 2607 sint,

76 2620 127 2680 775
139 2632 289 2693 numquam
298 2617 327 2673 in
337 2630 523 2675 marmoreum
534 2623 655 2692 possunt
666 2616 788 2692 migrare
800 2612 936 2674 colorem.

141 2700 186 2761 sin
197 2696 253 2757 alio
264 2707 349 2774 atque
361 2696 417 2757 alio
432 2706 497 2757 sunt
510 2699 618 2758 semina
629 2699 717 2758 tincta
731 2696 848 2773 colore,

141 2799 215 2862 quae
227 2782 311 2841 maris
323 2780 450 2854 efficiunt
463 2797 548 2837 unum
559 2797 717 2858 purumque
728 2782 866 2856 nitorem,

142 2875 172 2926 ut
183 2882 272 2944 saepe
286 2881 324 2924 ex
335 2862 398 2924 aliis
409 2861 507 2922 lormis
523 2865 666 2941 variisque
678 2863 777 2939 liguris

141 2949 266 3013 eflicitur
276 2946 407 3028 quiddam
420 2945 585 3026 quadratum
596 2963 707 3024 unaque
722 2946 828 3024 ligura,

76 3041 129 3100 tao
144 3033 351 3110 conveniebat,
364 3033 434 3092 utin
446 3030 582 3109 quadrato
598 3032 740 3092 cernimus
755 3047 823 3090 esse

141 3117 293 3181 dissimiles
308 3117 430 3194 formas,
447 3117 485 3176 ita
498 3133 617 3177 cernere
629 3116 657 3173 in
668 3131 794 3193 aequore
807 3114 887 3192 ponti

130 3213 187 3265 aut
198 3202 254 3263 alio
267 3203 295 3262 in
309 3202 410 3280 quovis
422 3217 478 3259 uno
489 3216 620 3279 puroque
631 3199 724 3259 nitore

140 3285 293 3350 dissimiles
304 3285 393 3363 longe
407 3287 481 3344 inter
495 3302 528 3345 se
538 3284 692 3361 variosque
707 3281 831 3344 colores.

141 3380 291 3450 pmeterea
301 3369 340 3431 nil
352 3367 664 3446 officiuntobstantque
677 3365 784 3446 figurae
832 3407 836 3412 -

75 3458 128 3520 785
139 3454 309 3535 dissimiles,
323 3471 380 3534 quo
396 3452 559 3533 quadratum
568 3453 659 3514 mium
671 3468 755 3513 omne
767 3451 804 3512 sit
816 3457 912 3594 oxqrp:
952 3450 955 3455 ’
