2340 3854
561 211 577 276 1

153 383 227 443 lntcr
237 399 288 458 se,
298 377 398 441 validis
410 379 507 441 facere
518 379 548 441 id
559 380 729 459 cogentibus
740 381 863 461 austris,

90 475 144 530 900
156 464 249 526 donec
260 463 377 524 llammai
390 461 532 525 iulserunt
543 463 614 524 dore
627 464 747 526 coorto!

154 546 284 625 scilicet,
298 556 328 608 et
338 563 395 608 non
407 555 452 608 est
463 546 657 625 lignistumen
669 549 770 610 insitus
784 550 880 628 ignis,

154 649 253 693 verum
264 631 371 693 semina
383 639 449 692 snm
460 629 569 692 ardoris
580 629 813 709 multa5terendc
866 631 869 637 '

155 733 228 797 quae
241 732 305 776 cum
317 713 480 775 conduxere
491 760 501 792 ‚
514 723 611 775 creant
623 714 753 776 incendia
762 715 859 778 silvis:

155 797 266 880 quodsi
279 796 354 858 lactu
364 797 441 859 ioret
450 796 531 859 silvis
542 797 708 860 absconditu
719 797 843 877 damme,

92 891 144 946 905
157 899 215 943 non
225 891 347 961 possent
356 878 444 941 ullum
454 890 566 961 tempus
579 880 700 942 celarier
709 883 809 960 ignes,

157 965 332 1026 conficerent
342 964 430 1042 volgo
441 963 547 1043 siluas,
559 965 674 1026 arbusta
685 976 851 1027 cremarent.

155 1050 246 1109 iamne
259 1048 341 1110 rides
351 1049 453 1127 igitur,
465 1047 551 1127 pmrlo
562 1048 639 1127 quod
651 1048 769 1111 diximus
781 1060 863 1128 ante,

154 1134 301 1212 permagni
310 1132 421 1194 referre
434 1131 534 1193 eedem
546 1132 698 1212 primordie
709 1151 798 1212 saepe

156 1233 220 1276 cnm
232 1215 335 1295 quilius
347 1225 377 1276 et
389 1215 464 1296 quali
477 1218 604 1295 positum
616 1217 811 1277 contineantur

91 1308 144 1363 910
157 1309 187 1360 et
198 1316 271 1378 quos
282 1300 355 1359 inter
367 1318 400 1360 se
412 1298 480 1361 dent
490 1309 582 1360 motus
594 1300 808 1378 accipiantque,

155 1392 241 1463 atque
252 1381 353 1443 eadem
364 1382 450 1461 paulo
461 1383 537 1441 inter
548 1401 582 1442 se
592 1391 696 1442 mutata
706 1399 805 1443 creare

155 1468 237 1543 ignes
249 1473 279 1525 et
289 1461 416 1542 lignum?
428 1481 485 1545 quo
496 1474 581 1544 pacto
593 1465 681 1527 verbu
693 1483 808 1545 quoquc
820 1470 881 1547 ipsa

155 1551 230 1610 inter
240 1567 273 1609 se
287 1547 372 1629 paulo
383 1551 495 1610 mutatis
506 1558 571 1610 snm
582 1547 747 1627 elementis,

157 1651 220 1693 cum
230 1631 307 1709 ligna
316 1641 402 1711 atque
413 1634 496 1711 ignes
508 1631 639 1694 distinctu
649 1649 723 1693 voce
734 1644 874 1696 notemus.

92 1725 144 1780 915
156 1716 278 1796 denique
288 1717 343 1776 iam
355 1734 427 1796 quae
440 1733 561 1795 cumque
572 1718 600 1777 in
610 1717 697 1778 rebus
710 1719 803 1778 cernis
814 1720 920 1797 apertis

157 1802 181 1861 si
193 1800 255 1860 lieri
265 1817 323 1884 nop
333 1817 423 1880 posse
434 1809 534 1881 putus,
547 1803 613 1879 quin
623 1802 749 1861 materiai

155 1884 804 2047 ttittdtttttltlitpltiddtd2
871 1934 873 1938 ‘

157 2052 206 2111 liet
217 2053 258 2111 uti
268 2052 327 2111 risu
339 2049 460 2111 tremulo
473 2068 614 2111 concussa
625 2049 793 2111 cachinnent

93 2142 146 2198 900
158 2143 188 2194 et
199 2133 323 2194 lacrimis
335 2133 420 2194 salsis
431 2143 576 2194 umectent
588 2150 637 2193 ora
648 2149 804 2211 genasque.

198 2215 281 2278 Nunc
291 2234 363 2294 age,
377 2215 453 2295 quod
464 2233 553 2295 super
564 2226 609 2277 est
622 2232 769 2294 cognosce
781 2224 812 2277 et
822 2215 925 2278 clarius
936 2217 1010 2279 sudi.

157 2318 213 2361 nec
223 2318 269 2362 me
280 2301 363 2360 animi
373 2299 445 2360 lallit
457 2317 539 2378 quam
550 2302 606 2362 sint
617 2300 755 2361 obscura:
766 2298 819 2361 sed
829 2304 887 2361 acri

157 2385 301 2464 percussit
311 2383 411 2463 thyrso
426 2383 516 2444 laudis
530 2402 599 2464 spes
610 2402 710 2462 magna
721 2401 814 2445 meum
826 2402 877 2445 cor

157 2477 187 2528 et
201 2467 284 2530 simul
295 2469 415 2530 incussit
425 2486 541 2529 suavem
552 2470 589 2528 mi
600 2470 628 2530 iu
640 2477 742 2548 pectus
754 2486 878 2529 amoram

94 2559 145 2614 905
159 2569 316 2628 musarum,
330 2569 387 2630 quc
398 2570 473 2613 none
483 2552 632 2614 instinctus
644 2560 739 2613 mente
755 2554 864 2630 vigenti

157 2637 219 2694 avia
230 2634 369 2695 Pieridum
379 2651 503 2714 peragro
515 2634 579 2696 loca
589 2635 694 2696 nullius
705 2644 770 2696 ante

159 2719 223 2777 trita
235 2716 309 2778 solo.
322 2719 397 2777 iuvat
409 2720 536 2794 integros
548 2719 689 2779 accedere
701 2718 788 2779 fontis

157 2809 244 2879 atque
254 2799 382 2877 haurire,
393 2801 527 2877 iuvatque
538 2818 629 2861 novos
636 2802 801 2880 decerpere
815 2799 902 2862 dores

159 2885 356 2962 insignemque
364 2900 429 2944 meo
443 2884 527 2962 capiti
538 2893 640 2962 petere
651 2883 716 2944 inde
729 2899 878 2962 coronam,

95 2975 149 3030 900
159 2967 233 3028 uude
244 2968 322 3046 prius
335 2965 403 3026 nulli
414 2965 534 3027 velarint
544 2977 672 3047 tempore
681 2984 797 3036 mosae;

158 3052 277 3131 primum
288 3048 365 3130 quod
373 3051 482 3128 maguis
494 3050 587 3112 doceo
597 3052 634 3113 de
645 3051 732 3113 rebus
744 3059 774 3111 et
784 3052 852 3112 artis

159 3134 328 3212 religionum
338 3135 457 3195 mimum
468 3134 550 3195 nodis
563 3134 716 3197 exsolvere
728 3151 836 3214 pergo,

160 3217 263 3279 deinde
276 3217 352 3297 quod
363 3217 486 3279 obscura
496 3217 533 3280 de
544 3237 576 3280 re
588 3229 644 3281 tarn
654 3217 748 3280 lueida
758 3234 853 3298 pango

160 3304 296 3379 carmina,
308 3319 425 3363 musaeo
434 3303 603 3381 contingens
618 3311 721 3364 cuncta
731 3299 842 3381 lepore.

96 3394 148 3449 935
159 3386 188 3447 id
203 3402 318 3465 quoque
329 3387 403 3446 enim
413 3403 470 3446 non
481 3387 516 3446 ah
527 3385 605 3449 nulla
614 3388 725 3449 ratione
735 3385 863 3449 videtur:

159 3470 213 3532 sed
223 3468 311 3530 veluti
323 3470 419 3549 pueris
430 3469 569 3531 absinthia
579 3479 669 3533 taetra
678 3469 827 3532 medentes
