2340 3854
139 193 201 258 154
621 192 650 251 V

222 369 329 420 etcum
343 355 451 418 deserti
463 356 619 416 baubantur
629 357 658 416 in
668 356 803 435 aedibus,
817 366 865 417 ant
881 374 946 418 curn

139 451 208 506 1070
222 442 359 522 plorantis
370 441 479 518 fugium
489 442 640 500 summisse
651 456 774 519 0010010
788 439 897 519 plagas.

222 526 344 603 denique
356 540 412 582 non
423 522 546 584 hinnitus
557 524 624 582 item
634 522 751 583 differre
763 523 892 601 ridetur,

222 611 296 668 inter
309 624 397 684 equas
408 607 456 666 nbi
467 624 559 683 eqnns
569 605 679 666 duranti
693 615 786 667 aetate
797 607 935 667 iuvencus

223 691 363 770 pinnigeri
375 690 464 751 saevit
477 687 635 749 calcaribus
645 690 720 749 ictus
733 690 853 767 amoris,

223 784 253 834 et
263 774 405 833 fremitum
415 770 519 851 patulis
532 772 579 831 ubi
590 770 709 832 naribus
717 771 775 832 edit
785 772 821 832 ad
833 790 925 851 arnna,

139 865 207 921 1075
222 867 252 917 et
266 874 329 916 cnm
340 857 383 915 sie
394 853 463 914 alias
475 856 624 915 concussis
635 855 741 915 artibus
751 852 859 915 binnitl

222 949 368 1020 pestremo
381 955 472 1013 genus
486 936 602 997 alituum
615 938 928 1017 101100000νοί0οΜ,

221 1023 376 1099 accipitres
387 1030 472 1098 atque
485 1019 642 1097 ossifragae
653 1023 802 1098 mergique
812 1023 926 1083 marinis

224 1105 357 1165 ductibus
372 1105 400 1162 in
415 1101 491 1163 salso
501 1104 606 1163 victum
616 1105 758 1182 vitamque
773 1113 923 1183 petentes,

223 1188 310 1264 longe
321 1187 390 1248 alias
404 1185 460 1247 alio
475 1187 579 1246 iaciunt
590 1188 618 1245 in
630 1196 761 1265 tempere
775 1204 884 1266 voces,

140 1281 209 1336 1080
224 1282 253 1332 00
268 1287 353 1349 quom
364 1271 400 1330 de
410 1271 488 1329 victu
503 1279 612 1330 certant
623 1270 804 1348 praedaeque
818 1281 996 1351 repugnant:

224 1365 253 1416 et
266 1355 368 1433 partim
381 1361 486 1413 mutant
497 1371 562 1413 cum
572 1354 790 1431 tempestatibus
805 1372 859 1413 una

224 1439 390 1498 raucisonos
403 1445 519 1513 cantus,
532 1438 675 1496 cornicum
686 1445 717 1495 nt
727 1436 824 1497 saecla
833 1447 947 1500 vetusta

225 1536 432 1597 corvorumque
442 1536 549 1596 greges
561 1520 609 1579 nbi
624 1536 724 1596 aquam
735 1519 865 1579 dicuntur
873 1530 904 1581 et
913 1521 1016 1583 imbuis

224 1620 349 1683 poscere
363 1609 392 1662 et
403 1601 541 1662 interdum
552 1612 654 1662 ventos
668 1619 807 1680 aurasque
818 1618 933 1664 vocare.

144 1696 210 1752 1085
225 1703 296 1763 engo
311 1688 336 1746 si
347 1686 417 1745 rarii
428 1703 530 1746 sensns
544 1685 670 1746 animalia
683 1696 807 1764 cogunt,

225 1779 300 1828 muta
312 1779 405 1828 tannen
417 1786 480 1827 eum
492 1770 565 1845 sint,
578 1770 670 1830 varias
681 1771 811 1829 emittere
826 1785 933 1847 voces,

226 1861 329 1930 000000
342 1849 468 1912 mortalis
478 1852 568 1928 magis
581 1862 730 1929 aequumst
741 1862 802 1913 tum
815 1853 945 1931 petuisse

226 1934 369 1996 dissimilis
378 1933 431 1994 alia
445 1943 530 2012 atque
541 1933 595 1994 alia
605 1953 654 1995 res
664 1951 738 1994 voce
749 1934 862 1996 numne!

266 2016 281 2102 Η
295 2017 368 2077 lllnd
378 2019 406 2076 in
416 2017 461 2077 ln‘s
472 2019 558 2078 rebus
573 2020 676 2079 tacitus
688 2036 724 2077 ne
735 2018 810 2079 iorte
821 2018 966 2097 requiras,

143 2111 211 2167 1090
225 2103 333 2163 tulmen
345 2101 445 2161 detulit
456 2102 485 2160 in
497 2111 601 2161 terram
614 2100 779 2161 mortalibus
790 2102 886 2178 ignem

226 2189 371 2266 primitus,
385 2185 450 2244 inde
462 2188 552 2244 omnis
565 2185 734 2244 flammarum
746 2184 849 2244 diditur
862 2183 961 2245 arder:

226 2270 313 2330 multa
326 2267 455 2329 videmus
467 2270 541 2327 enim
557 2266 732 2328 caelestibus
744 2267 822 2328 inlita
836 2266 954 2328 nammis

226 2354 357 2429 fulgere,
374 2368 438 2410 cum
449 2350 522 2410 caeli
534 2350 645 2410 donavit
657 2350 741 2430 plaga
753 2367 869 2430 vapore.

226 2446 255 2496 et
268 2450 378 2494 ramosa
390 2442 482 2491 tamen
498 2451 562 2492 cum
573 2434 667 2495 ventis
678 2433 761 2512 pulsa
774 2432 911 2493 vacillans

143 2525 210 2582 1095
226 2525 336 2579 aestuat
349 2516 378 2573 in
388 2530 481 2574 101000
492 2516 659 2576 incumbens
670 2517 779 2578 arbonis
791 2517 890 2593 arbor,

226 2600 392 2678 exprimitur
402 2596 502 2658 validis
513 2600 631 2660 extritus
645 2601 751 2661 viribus
763 2601 837 2677 ignis

226 2693 255 2745 ct
268 2684 353 2744 micat
364 2680 502 2742 interdum
514 2682 631 2744 flammai
643 2683 768 2744 fervidus
782 2682 880 2758 ardor,

226 2779 320 2828 mutua
332 2766 397 2827 dnm
408 2768 481 2826 inter
492 2785 525 2827 se
536 2768 604 2826 rami
616 2769 779 2846 stirpesque
790 2775 927 2827 teruntur.

227 2869 345 2931 quornm
354 2860 503 2927 utrumqne
518 2849 633 2910 dedisse
648 2860 746 2928 potest
759 2848 925 2911 mortalibus
939 2849 1052 2926 ignent-

143 2944 211 2996 1100
225 2936 291 2995 inde
308 2934 400 2993 cibum
416 2950 542 3010 coquere
553 2951 588 2993 ac
600 2932 727 2994 dammae
738 2932 851 2993 mollire
862 2947 970 3010 vapore

227 3018 270 3078 sel
285 3017 398 3093 docuit,
414 3018 545 3094 queniam
555 3017 710 3077 mitescere
722 3017 808 3076 multa
818 3015 954 3076 videbant

224 3100 393 3161 verberibus
407 3099 547 3158 radiorum
559 3109 644 3178 atque
655 3110 737 3160 aestu
747 3102 823 3159 victa
835 3116 889 3179 per
898 3114 997 3175 agros.

266 3181 356 3259 lnque
367 3182 430 3242 dics
441 3184 531 3259 magis
541 3181 570 3240 lni
580 3185 687 3242 victum
698 3185 840 3261 uitamque
851 3182 978 3262 priorem

226 3275 397 3325 commutare
408 3267 490 3325 novis
501 3268 694 3327 monstrabant
707 3267 788 3326 rebu'
804 3265 935 3343 benigni,

140 3359 207 3413 1106
221 3349 336 3425 ingenio
348 3349 396 3424 qui
407 3349 587 3425 praestabant
599 3359 628 3409 ct
640 3350 727 3409 conde
739 3350 884 3426 vigebant.

226 3431 351 3493 condere
363 3441 521 3507 coeperunt
533 3432 611 3492 urbis
621 3450 774 3510 arcemque
787 3431 884 3492 locare
