2340 3854
138 195 178 261 18
630 195 644 256 l

223 364 373 440 materies,
386 365 481 423 varios
493 379 638 440 sonorus,
651 362 794 442 pondera,
809 362 925 443 plagas,

224 464 398 524 concursus,
413 454 524 523 motus,
537 463 591 524 per
602 463 675 524 quae
686 465 735 507 res
747 464 878 527 quaeque
890 459 1034 526 geruntur

158 540 210 596 635
266 529 992 610 Quapropterquimateriemrerumesseputaruut

222 616 318 692 iguem
328 622 415 691 atquo
427 614 534 692 exigui
546 631 680 674 summam
692 616 852 676 oonsistere
863 614 945 693 solo,

221 714 324 775 magno
337 714 427 776 opere
437 714 454 756 a
465 716 534 758 vera
544 696 617 776 lapsi
627 700 736 759 ratione
747 697 887 759 videntur.

222 779 384 842 Heraclitus
396 782 447 841 init
458 798 578 860 quorum
590 780 647 840 dux
657 781 768 860 proelia
779 783 904 861 primus,

223 864 316 925 olarus
328 864 366 925 ob
378 865 530 925 obscuram
541 863 664 942 linguam
676 868 767 944 magis
778 868 852 926 inter
862 868 952 928 inanis

158 960 211 1014 640
222 948 342 1027 quamde
353 949 449 1026 gravis
460 949 534 1008 iuter
546 947 664 1026 Graios,
676 952 724 1028 qui
737 967 804 1010 vera
814 953 975 1028 requirnnt:

222 1033 314 1092 omnia
325 1033 400 1092 euim
410 1030 507 1092 stolidi
517 1033 607 1108 magis
619 1032 788 1093 admirantur
801 1043 966 1113 amantque,

221 1117 344 1176 inversis
358 1133 430 1196 quae
442 1114 496 1175 sub
509 1115 607 1176 verbis
621 1114 756 1176 latitantia
770 1127 906 1195 oemunt,

221 1217 348 1278 veraque
361 1200 535 1260 constituunt
546 1217 620 1277 quae
633 1199 711 1260 belle
722 1208 841 1278 tangere
853 1209 974 1279 possunt
998 1256 1003 1262 ,

221 1285 296 1344 auris
308 1293 337 1344 et
348 1281 447 1362 lepido
460 1301 533 1362 quae
544 1293 610 1345 snut
621 1283 715 1343 fucata
730 1300 845 1345 sonore.
907 1299 913 1306 ·

158 1379 209 1434 646
262 1365 334 1427 Nam
346 1385 397 1427 our
407 1377 463 1428 tam
474 1369 568 1428 variae
579 1385 627 1429 res
640 1376 761 1446 possent
771 1386 856 1446 esse,
868 1369 1001 1446 requiro,

222 1470 259 1512 ex
269 1469 325 1510 uno
337 1453 361 1511 si
371 1461 436 1511 suut
447 1453 506 1529 igni
517 1467 648 1530 puroque
661 1448 794 1512 oreatael

221 1533 260 1594 nil
273 1534 427 1613 prodesset
440 1537 513 1594 enim
526 1533 646 1594 ualidum
658 1534 807 1596 denserier
817 1539 911 1612 ignem

221 1636 275 1687 neu
287 1618 430 1695 rareiiem,
442 1618 467 1678 si
479 1626 576 1695 partos
587 1619 662 1694 ignis
675 1618 793 1678 eandem

221 1711 346 1763 naturam
357 1719 440 1780 quam
450 1710 527 1762 totus
539 1699 624 1761 habet
636 1719 725 1780 super
735 1703 809 1778 ignis
821 1702 968 1762 habereut.

159 1799 211 1853 650
222 1788 315 1849 aerior
326 1784 410 1845 ardor
422 1787 497 1845 onim
508 1783 658 1846 oonduotis
669 1785 797 1864 partibus
809 1793 906 1862 esset,

222 1868 381 1948 languidior
391 1886 477 1949 porro
491 1868 619 1930 disiectis
631 1867 732 1948 disque
746 1871 870 1947 supatis:

222 1953 341 2034 amplius
353 1953 410 2015 hoo
423 1953 484 2014 lieri
497 1953 536 2013 nil
546 1961 593 2013 est
604 1952 681 2031 quod
691 1969 781 2031 posse
791 1954 880 2012 rearis

222 2039 325 2100 talibus
335 2041 364 2099 in
376 2039 487 2114 tausis,
499 2036 604 2098 nedum
615 2038 749 2097 variantia
759 2055 854 2098 rerum

221 2132 296 2184 tauta
307 2131 393 2204 queat
405 2123 502 2185 densis
512 2123 641 2200 rarisque
654 2139 692 2181 ex
703 2120 816 2198 ignibus
827 2139 904 2181 esse.

156 2219 208 2274 605
222 2208 251 2268 id
262 2225 394 2286 quoquo,
407 2209 432 2268 si
443 2205 547 2267 iaciant
557 2205 710 2266 admixtum
722 2205 809 2266 rebus
821 2207 919 2281 inane,

222 2291 336 2352 denseri
347 2299 481 2369 poterunt
491 2291 575 2366 ignes
586 2290 698 2366 rarique
711 2287 847 2366 relinqui:

222 2374 275 2436 sed
287 2375 352 2452 quia
362 2372 448 2432 multa
459 2373 514 2433 sibi
526 2379 645 2431 oeruuut
656 2372 794 2431 contraria
806 2373 937 2430 amussim

222 2468 251 2519 et
261 2456 382 2534 fugitant
392 2457 422 2516 iu
431 2455 524 2515 rebus.
530 2457 613 2514 inane
624 2453 916 2532 relinquerepurum,

222 2541 307 2602 ardua
319 2539 384 2598 dum
394 2547 538 2614 metuunt,
551 2539 678 2597 aurittuut
688 2555 757 2597 vera
768 2539 840 2616 viai,

157 2636 211 2691 660
220 2642 276 2687 neo
287 2640 398 2682 rursum
412 2631 530 2683 oemunt
542 2631 677 2702 exempto
689 2621 776 2683 rebus
788 2623 862 2682 inani

222 2709 314 2771 omnia
325 2707 439 2767 denseri
452 2706 571 2787 fierique
584 2724 621 2767 ex
633 2706 761 2767 omnibus
773 2724 857 2766 uuum

223 2810 346 2872 eorpus,
358 2791 398 2851 nil
407 2791 444 2851 ab
455 2810 489 2852 se
501 2790 578 2870 quod
589 2793 683 2869 possit
694 2792 808 2853 mittere
818 2792 934 2870 raptim;

221 2877 339 2938 aestifer
349 2878 422 2954 iguis
433 2877 473 2936 uti
484 2874 579 2937 lumen
590 2877 656 2937 iacit
667 2885 752 2955 atque
764 2893 916 2956 vaporem,
996 2954 999 2959 Ι

222 2971 252 3020 ut
262 2961 360 3022 uideas
371 2978 428 3019 uon
439 2979 456 3021 e
468 2962 578 3039 stIpatis
589 2960 716 3035 partibus
728 2977 804 3017 esse.

158 3055 209 3111 665
222 3044 298 3124 quod
311 3046 336 3104 si
347 3045 422 3105 forte
433 3043 487 3104 alia
501 3041 620 3103 oreduut
632 3041 741 3097 ratione
752 3049 872 3115 potesse

221 3131 296 3206 ignis
306 3131 334 3188 in
348 3137 434 3189 ooetu
445 3126 549 3203 stingui
560 3129 726 3197 mutareque
739 3137 861 3198 eorpus,

221 3212 354 3290 seilicet,
367 3230 406 3273 ex
417 3210 493 3270 nulla
506 3209 604 3267 iuuere
615 3204 644 3262 id
658 3205 683 3263 si
698 3211 779 3282 parte
791 3213 961 3282 reparoeut‚

223 3296 337 3358 oooidet
348 3296 383 3356 ad
394 3294 496 3369 nilum,
515 3292 543 3350 ni
554 3290 669 3366 mirum,
681 3286 805 3346 iuuditus
816 3286 900 3346 ardor

223 3381 313 3441 omnis
323 3390 352 3440 et
364 3399 381 3440 e
392 3376 451 3436 uilo
462 3376 531 3437 deut
542 3389 740 3454 quaeoumque
751 3379 895 3432 creantur:

159 3477 212 3535 670
224 3483 286 3525 uam
298 3463 497 3542 quodcumque
509 3461 569 3522 suis
578 3466 712 3519 mutatum
724 3454 824 3516 unibus
836 3457 911 3525 exit,
