2340 3854
138 216 180 289 54
626 222 656 284 li

221 391 379 453 inmortalia
389 392 414 453 si
426 390 556 451 volumus
568 390 742 469 subiungere
753 391 841 452 rebus

221 477 417 552 fundamenta,
433 474 536 554 quibus
547 476 651 535 nitatur
660 493 766 534 summa
776 474 891 544 salutis3

221 579 258 620 ne
270 560 320 620 tibi
334 577 382 619 res
394 556 511 618 redeant
522 557 557 617 ad
570 556 656 617 nilum
666 557 791 619 funditus
803 576 910 620 omnes.

157 654 209 709 865
263 641 346 704 Nunc
358 659 392 702 ea
404 659 477 720 quae
488 643 595 702 sentire
606 640 734 702 ridemus
747 660 868 722 cumque
878 654 1033 706 necessest

223 746 261 788 cx
272 724 454 787 insensilibus
468 734 561 785 tamen
572 725 664 784 omnia
676 726 829 786 confiteare

221 811 369 892 principiis
382 819 523 870 constare.
536 827 631 888 neque
643 807 672 868 id
683 809 841 871 manuiesta
853 808 977 870 refutant

221 913 277 955 nec
291 902 543 972 contrapngnant,
555 895 728 972 inpromptu
740 895 854 972 cognita
866 905 1035 974 quaesunt,

222 978 276 1041 scd
285 980 375 1056 magis
387 979 449 1057 ipsa
460 995 541 1036 manu
556 976 661 1037 ducunt
673 986 703 1037 et
717 977 838 1038 credere
851 986 957 1054 cogunt

155 1070 257 1125 biber
270 1059 471 1137 insensilibus,
485 1060 562 1138 quod
575 1059 657 1138 dico,
671 1059 798 1121 animalia
807 1063 896 1138 gigni.

222 1148 329 1226 quippe
339 1145 439 1205 ridere
451 1144 521 1206 licet
531 1147 613 1204 vivos
626 1147 752 1205 existere
765 1163 879 1204 vermes

221 1239 351 1290 stercore
363 1228 399 1289 de
411 1237 519 1307 taetro,
531 1237 662 1309 putorem
675 1247 738 1288 cum
750 1230 804 1289 sibi
819 1237 901 1289 nacta
911 1239 957 1290 est

220 1313 427 1393 intempestivis
440 1331 478 1373 ex
491 1313 627 1373 imbribus
641 1312 733 1372 umida
743 1313 846 1382 tellus;

219 1405 368 1476 praeterea
381 1406 499 1458 cunctas
510 1397 607 1456 itidem
617 1415 666 1457 res
677 1407 792 1459 vertere
804 1417 880 1458 sese.

157 1488 208 1543 875
219 1489 332 1540 venunt
344 1498 377 1540 se
390 1478 466 1539 iuvit
479 1479 597 1540 ironrlcs
609 1490 639 1541 et
649 1480 753 1559 pabula
766 1481 841 1541 laeta

219 1566 247 1623 in
258 1562 404 1643 pecuales,
417 1572 530 1623 venunt
543 1563 671 1642 pecudes
683 1567 711 1622 in
724 1581 845 1643 corpora
859 1574 955 1626 nostru

219 1658 359 1723 naturam,
375 1655 405 1705 et
416 1655 515 1706 nostro
525 1645 561 1707 de
575 1664 698 1726 corpore
709 1665 798 1726 saepe
811 1648 932 1708 ferarum

221 1739 381 1808 augescunt
393 1732 470 1789 vires
482 1739 512 1789 et
525 1747 645 1809 corpora
658 1733 900 1808 pennipotentum.

219 1831 290 1891 ergo
302 1831 400 1873 omnes
414 1822 512 1872 natura
524 1813 605 1873 cibos
617 1815 644 1871 in
658 1830 780 1891 corpora
791 1815 855 1874 riva

155 1906 208 1960 880
221 1898 306 1957 vertit
318 1904 347 1956 et
358 1895 423 1955 binc
436 1915 539 1957 sensus
553 1899 719 1957 animantum
730 1909 864 1976 procreat
876 1915 992 1978 omnes,

217 1999 273 2041 non
285 1980 338 2040 alia
348 1978 436 2057 longe
449 1982 558 2040 ratione
570 1989 655 2059 atque
667 1980 743 2040 arida
754 1980 831 2059 ligna

218 2064 343 2143 explicat
355 2065 383 2123 in
395 2063 517 2125 llammas
531 2074 560 2124 et
573 2066 601 2125 in
616 2066 690 2142 ignis
702 2067 794 2125 omnia
803 2074 908 2126 versat.

216 2151 307 2208 iamne
319 2146 401 2208 uides
412 2149 498 2225 igitur
511 2151 603 2226 magni
615 2148 766 2227 primordia
778 2167 872 2210 rernm

216 2232 327 2292 reierre
342 2234 370 2290 in
386 2231 461 2311 quali
477 2234 532 2292 sint
547 2231 645 2292 ordine
660 2251 791 2311 quaeque
805 2232 898 2292 locata

155 2325 206 2378 885
220 2326 248 2377 ct
264 2317 415 2375 commixta
430 2315 531 2394 quibus
543 2314 610 2374 (lent
620 2324 713 2375 motus
725 2313 945 2394 accipiantque?

260 2398 330 2457 'lum
342 2415 429 2475 porro
442 2397 509 2475 qnid
519 2397 547 2456 id
559 2408 620 2474 eet,
633 2400 752 2458 animum
763 2399 839 2477 qnod
852 2403 994 2480 percutit,
1007 2401 1105 2482 ipsum

218 2480 293 2559 quod
305 2490 401 2540 movet
417 2490 446 2539 et
459 2483 553 2540 varios
566 2499 669 2542 sensus
681 2500 852 2561 expromere
865 2487 959 2562 cogit,

217 2584 254 2624 ex
266 2563 449 2624 insensilibus
464 2583 500 2623 ne
512 2564 613 2625 credas
625 2565 731 2627 sensile
743 2565 843 2646 gigni?

216 2650 358 2726 nimirum,
374 2647 526 2727 lapideset
537 2648 613 2726 ligna
625 2659 654 2710 et
665 2660 740 2711 terra
752 2652 828 2730 quod
839 2670 893 2712 nna

152 2741 204 2794 890
215 2734 301 2792 mixta
315 2740 407 2793 tamen
418 2741 563 2812 nequeunt
575 2733 689 2795 vitalem
700 2735 821 2797 reddere
834 2754 958 2797 sensum.

215 2815 284 2875 illud
296 2818 323 2875 in
334 2816 378 2877 bis
389 2819 475 2895 igitur
487 2818 574 2879 rebus
586 2822 747 2882 meminisse
761 2821 894 2897 decebit,

215 2917 271 2958 non
285 2920 323 2960 ex
334 2902 462 2962 omnibns
476 2905 605 2980 omnino,
619 2922 816 2982 quaecumque
829 2913 926 2963 creant
936 2921 1002 2979 res,

215 2983 322 3044 sensile
334 2993 363 3044 et
375 2986 520 3064 externplo
531 3004 576 3046 me
588 2989 666 3063 gigni
678 2988 775 3047 dicere
786 3005 906 3062 sensus,

215 3065 267 3125 sed
280 3069 373 3142 magni
385 3069 494 3129 referre
509 3071 673 3147 caprimum
684 3068 816 3149 quantula
828 3078 975 3151 constent,

150 3157 201 3211 895
213 3146 321 3208 sensile
333 3167 405 3227 qnae
419 3151 541 3230 iaciunt,
555 3162 584 3213 et
595 3170 650 3230 qua
661 3155 716 3213 sint
728 3151 856 3232 praedita
866 3151 970 3231 forma,

214 3229 337 3291 motibus
350 3232 494 3295 ordinibus
510 3238 647 3315 posituris
662 3236 784 3315 denique
797 3253 870 3314 quae
884 3239 947 3298 sint.

215 3333 331 3394 quarum
341 3314 380 3374 nil
392 3333 487 3376 rerum
497 3321 526 3378 in
540 3318 625 3398 lignis
640 3318 810 3398 glaebisque
822 3319 965 3381 ridemus:

214 3410 244 3460 et
256 3408 349 3460 umen
359 3397 449 3477 baec,
462 3418 527 3460 cum
537 3413 604 3464 sunt
616 3405 696 3483 quasi
707 3403 866 3483 putrefacta
877 3423 931 3484 per
941 3407 1066 3485 imbres,

214 3480 388 3547 vermiculos
398 3482 526 3567 pariunt,
542 3487 609 3567 quta
622 3502 743 3566 corpora
754 3491 880 3549 namuci
