2340 3922
130 329 171 394 38
613 332 640 394 ll

214 497 386 560 declinamus
398 500 465 558 item
477 506 568 558 motus
580 516 635 559 nec
649 510 780 580 tempore
792 511 874 561 certo

150 591 203 647 260
216 602 271 644 nec
280 584 400 659 regione
414 581 470 640 loci
483 583 579 658 certa,
597 582 650 643 sed
663 584 712 644 ubi
723 585 786 663 ipsa
798 585 861 646 tulit
874 585 976 648 mensi

213 685 275 725 nam
287 665 372 726 dubio
387 663 487 743 procul
500 664 543 725 bis
558 666 643 727 rebus
656 685 706 726 sua
719 669 822 747 cuique
835 667 966 732 voluntas

214 751 381 829 principium
396 747 458 824 dat,
474 757 503 807 et
514 748 580 808 binc
591 760 684 811 motus
698 768 751 829 per
762 753 886 813 membra
897 755 1032 832 rigantur.

214 851 308 894 nonne
320 831 401 893 vides
417 833 500 892 etiam
510 831 662 911 patefactis
674 843 804 914 tempore
818 848 926 915 puncto

216 917 378 977 carceribus
391 933 447 975 non
458 934 547 995 posse
560 927 652 977 tamen
666 936 853 998 prorumpere
865 937 1002 1000 equorum

150 1012 200 1067 265
214 1003 268 1059 mm
282 999 410 1079 cupidam
424 1010 480 1059 tam
491 998 528 1058 de
539 1000 634 1059 subito
650 1019 731 1079 mam
743 1020 823 1062 mens
837 1015 903 1065 avet
913 1002 996 1084 ipsa?

214 1086 303 1145 omnis
315 1085 406 1158 enim,
423 1093 511 1142 totum
524 1100 577 1161 per
590 1101 713 1162 corpus,
729 1088 854 1146 materiai

215 1170 297 1248 copia
311 1167 417 1228 conciri
429 1166 532 1243 debet,
546 1168 657 1227 concita
672 1187 726 1247 per
738 1179 814 1229 artus

213 1255 302 1312 omnis
315 1261 345 1311 ut
358 1251 479 1312 studium
491 1251 591 1311 mentis
607 1254 706 1312 conixa
717 1263 864 1330 sequutum

213 1345 242 1395 ut
254 1337 351 1396 videas
363 1337 459 1394 initum
470 1343 562 1395 motus
572 1352 589 1394 a
601 1335 688 1395 corde
701 1339 809 1412 creari,

150 1428 201 1483 ato
216 1438 252 1481 ex
262 1421 401 1498 animique
413 1417 557 1478 voluntate
570 1417 598 1478 id
610 1420 770 1498 procedere
782 1423 918 1500 primum,

100 1558 102 1562 .
214 1503 278 1564 inde
291 1503 349 1563 dari
360 1519 449 1583 porro
461 1521 515 1582 per
526 1511 616 1563 totum
627 1521 733 1583 corpus
746 1513 774 1563 et
786 1514 871 1564 artus.

213 1606 269 1647 nec
286 1586 406 1648 similest
418 1596 449 1646 ut
462 1605 524 1645 oum
536 1585 649 1666 impulsi
664 1587 845 1666 procedimus
856 1589 931 1663 ictu,

214 1671 319 1730 viribus
334 1669 449 1730 alterius
461 1672 568 1747 magnis
579 1687 738 1749 magnoque
752 1682 868 1732 coactu·

214 1773 276 1814 nam
288 1764 345 1813 tum
357 1756 502 1813 materiem
514 1755 600 1814 totius
613 1757 742 1832 eorporis
754 1772 865 1815 omnem

150 1847 200 1902 275
214 1839 424 1917 perspicuumst
436 1837 519 1898 nobis
531 1839 624 1898 invitis
637 1839 678 1898 ire
692 1839 828 1917 rapique,

215 1922 307 1982 donec
320 1939 381 1982 eam
392 1920 544 1981 refrenarit
554 1939 608 2000 per
618 1923 742 1983 membra
751 1921 891 1983 voluntas.

215 2009 304 2065 iamne
317 2004 398 2066 vides
410 2007 513 2082 igitur,
526 2022 691 2084 quamquam
704 2008 856 2066 visentem
867 2005 970 2072 multos

213 2089 302 2169 pellat
317 2099 345 2149 et
357 2090 459 2168 invitos
475 2099 558 2166 cogat
570 2090 729 2168 procedere
742 2107 830 2170 saepe

213 2175 443 2253 praecipitesque
455 2175 532 2252 rupi,
544 2182 637 2232 tamen
650 2176 754 2235 esseio
767 2185 887 2252 pectore
898 2183 997 2234 nostro

149 2268 201 2321 280
215 2257 345 2337 quiddam
358 2257 434 2335 quod
449 2266 545 2316 contra
558 2275 684 2336 pugnare
699 2258 872 2337 obstareque
884 2255 997 2336 possit?

215 2344 294 2403 cuitus
306 2341 341 2400 ad
351 2341 493 2401 arbitrium
505 2357 619 2419 quoque
631 2343 714 2418 copia
724 2344 848 2400 materiai
972 2353 973 2356 ’

214 2427 326 2503 cogitur
337 2423 475 2484 interdum
488 2423 565 2482 ilecti
577 2441 629 2501 per
642 2424 767 2483 membra
781 2433 942 2500 peractus,

215 2520 243 2570 et
255 2511 384 2587 proiecta
394 2506 552 2566 refrenatur
563 2515 698 2584 retroque
709 2504 817 2564 residit.

215 2610 301 2672 quare
316 2594 343 2649 in
358 2589 511 2649 seminibus
527 2606 641 2668 quoque
656 2589 730 2649 idem
745 2589 852 2649 fateare
862 2599 1033 2665 necessest,

149 2685 200 2740 tuo
216 2695 282 2738 esse
296 2673 377 2732 aliam
392 2681 505 2750 praeter
515 2671 614 2750 plagas
627 2681 657 2732 et
667 2672 793 2752 pondera
805 2690 917 2733 causam

213 2758 352 2832 motibus,
365 2754 439 2815 unde
453 2755 525 2815 haec
536 2766 581 2816 est
592 2757 675 2816 nobis
687 2757 778 2816 innata
791 2764 935 2835 potestas:

212 2844 248 2904 de
259 2840 317 2900 nilo
329 2840 459 2919 quoniam
474 2839 534 2898 lieri
544 2839 583 2898 nil
596 2858 683 2919 posse
697 2839 834 2900 videmus.

214 2925 324 3006 pondus
336 2925 410 2985 enirn
425 2922 558 3001 probibet
569 2942 605 2983 ne
618 2923 710 3002 plagis
722 2926 813 2984 omnia
824 2926 889 2985 bant

214 3018 330 3070 externa
342 3010 422 3087 quasi
434 3009 477 3068 ri:
490 3007 543 3067 sed
554 3025 591 3067 ne
606 3026 685 3069 mens
700 3010 762 3086 ipsa
773 3027 926 3068 necessum

149 3103 201 3158 ‘290
212 3095 374 3154 intestinum
388 3092 490 3151 habeat
503 3093 612 3151 cunctis
626 3093 654 3149 in
665 3093 751 3151 rebus
763 3092 880 3168 agendis
978 3103 981 3108 ·

213 3188 243 3240 et
254 3177 365 3238 devicta
382 3177 461 3257 quasi
474 3175 501 3235 id
515 3185 634 3253 cogatur
645 3175 721 3235 ierne
733 3176 864 3253 patique,

212 3264 239 3323 id
254 3261 322 3321 iacit
334 3263 466 3337 exiguum
481 3259 619 3319 clinamen
632 3260 831 3338 principiorum

212 3364 268 3406 nec
280 3346 398 3421 regione
412 3344 470 3403 loci
483 3354 561 3404 certa
571 3361 627 3404 nec
637 3353 766 3421 tempore
781 3350 870 3401 certo.

254 3427 317 3488 Nec
328 3429 430 3507 stipata
441 3429 530 3504 magis
542 3428 594 3488 init
607 3444 736 3506 umquam
748 3427 872 3485 materiai

150 3522 200 3576 295
216 3515 298 3592 copia
312 3529 367 3572 nec
378 3528 466 3591 porro
480 3511 632 3580 maioribus
643 3507 814 3571 intervallis:

212 3615 273 3658 nam
284 3613 378 3676 neque
390 3596 556 3671 adaugescit
568 3597 718 3674 quicquam
729 3610 824 3672 neque
836 3592 949 3672 deperit
960 3586 1037 3651 inde.
