2340 3854
138 189 200 255 its
624 186 651 243 V

220 366 339 437 propter
350 353 478 433 signiferi
492 352 644 431 positurum
656 352 743 413 totius
754 351 833 413 orbis

156 448 208 505 690
220 440 345 518 obliqui,
357 447 448 499 terras
460 443 490 496 ct
502 434 612 495 coelum
623 433 727 495 lumine
738 434 862 495 lustrans

220 540 310 583 annua
322 520 366 582 sol
378 523 407 580 in
419 536 475 598 quo
490 516 634 579 concludit
645 527 774 598 tempora
785 535 922 596 serpens,

220 615 250 665 ut
261 607 333 665 ratio
344 603 470 665 declarat
481 619 580 662 corum
590 602 638 679 qui
651 600 716 661 loca
729 600 802 662 caeli

221 689 312 748 omnio
324 688 469 765 dispositis
480 686 570 763 signis
582 694 678 746 ornata
689 692 829 745 notarunt.

220 781 267 832 aut
279 772 344 849 quia
359 771 482 831 crassior
493 777 539 829 cst
551 769 638 828 certis
650 769 679 827 in
693 768 898 848 pumicosum,

155 865 207 920 695
222 855 275 916 sub
286 855 371 914 terris
381 851 448 912 ideo
458 851 608 911 tremulum
617 851 697 911 iubar
706 850 828 913 haesitat
837 853 911 930 iguis
1057 922 1061 927 ¹

221 955 276 997 nec
288 945 440 1015 penetrare
449 943 546 1012 potest
560 932 645 994 facile
656 943 741 1011 atquc
755 952 905 1012 emergere
915 933 951 997 ad
961 946 1058 1003 orias:

221 1029 374 1100 propterea
386 1027 487 1078 noctes
500 1017 618 1077 hiberno
631 1026 762 1097 tempore
772 1016 876 1096 longae

223 1112 353 1179 cessant,
369 1099 435 1161 dum
446 1102 540 1161 veniat
551 1099 685 1161 radiatum
695 1102 807 1178 insigne
820 1101 886 1162 dici.

221 1195 269 1246 aut
284 1188 385 1262 etiam,
400 1185 465 1263 quia
476 1185 520 1244 sic
530 1183 646 1245 alternis
658 1185 784 1262 partibus
799 1185 863 1245 anui

159 1279 211 1334 700
220 1270 326 1330 tardius
338 1278 367 1329 et
383 1270 465 1328 citius
482 1276 654 1328 consuemnt
666 1267 812 1327 confluere
822 1268 923 1346 ignes,

222 1355 270 1433 qui
284 1352 390 1412 iaciunt
400 1350 492 1412 solem
507 1360 586 1411 certa
597 1349 753 1428 desurgere
764 1360 845 1428 parte

223 1445 377 1516 propterea
389 1435 418 1495 lit
430 1435 470 1495 uti
480 1433 628 1494 videantur
639 1433 736 1494 dicere
747 1452 854 1494 vemm.

264 1518 339 1578 Luna
350 1526 448 1596 potest
462 1516 532 1577 solis
545 1517 630 1578 radiis
639 1534 777 1595 percussa
791 1519 900 1593 nitere,

222 1605 307 1680 inque
323 1600 383 1661 dies
398 1602 486 1678 magis
498 1600 532 1660 id
542 1599 637 1661 lumon
648 1610 817 1661 convortere
828 1600 910 1661 uobis

160 1694 211 1747 705
223 1686 258 1745 ad
269 1685 413 1763 speciem,
425 1692 557 1762 quammu
571 1683 641 1744 solis
654 1683 764 1745 secedit
778 1685 814 1744 ab
824 1683 905 1761 orbi,

223 1768 346 1845 donique
361 1785 425 1826 eum
438 1776 535 1827 contra
546 1766 632 1845 pleno
644 1768 718 1827 bene
729 1765 832 1827 lumine
844 1766 922 1829 iulsit

222 1861 308 1929 atque
321 1851 416 1909 oriens
427 1850 520 1910 obitus
535 1851 597 1909 cius
608 1868 697 1929 super
707 1850 782 1912 edita
792 1850 876 1911 vidit:

221 1933 287 1994 inde
298 1933 450 1993 minutatim
462 1943 539 1992 retro
554 1935 634 2011 quasi
646 1933 770 1994 condere
781 1933 876 1993 lumen

224 2017 310 2077 debet
325 2018 407 2093 item,
420 2025 524 2094 quanto
536 2018 653 2096 propius
667 2018 721 2076 iam
733 2016 803 2078 solis
815 2015 851 2078 ad
861 2018 957 2094 ignem

160 2108 212 2163 710
224 2099 326 2160 labitur
337 2117 375 2160 ex
388 2098 441 2159 alia
453 2102 598 2178 signomm
608 2109 688 2178 parte
702 2118 755 2180 per
765 2101 879 2169 orbcm;

222 2193 252 2243 nt
267 2183 388 2260 iaciunt,
401 2182 493 2242 lunam
505 2186 552 2261 qui
565 2185 671 2261 lingunt
683 2202 750 2244 esse
761 2184 829 2263 pilai

223 2265 398 2327 consimilem
411 2284 570 2345 cursusque
581 2268 655 2327 viam
665 2268 718 2328 sub
733 2265 797 2328 sole
807 2275 916 2328 tencre.

223 2359 267 2410 est
280 2351 363 2408 etiam
374 2367 460 2427 quare
473 2350 588 2429 proprio
601 2369 664 2410 cum
675 2349 779 2410 lumine
790 2352 883 2429 possit

222 2430 333 2491 volvier
344 2440 373 2491 et
387 2433 479 2492 varias
491 2431 654 2510 splendoris
668 2432 791 2494 reddero
803 2432 922 2495 formas:

159 2522 210 2577 775
222 2531 327 2592 corpus
338 2514 412 2573 enim
424 2513 492 2574 licet
505 2534 572 2576 esse
585 2515 676 2593 aliud,
693 2516 769 2595 quod
780 2517 870 2577 fertur
883 2525 913 2576 et
923 2534 978 2579 uua

221 2596 325 2657 labitur
337 2596 503 2658 omnimodis
516 2616 669 2660 occursans
681 2599 887 2679 officiumque,

222 2681 364 2758 neopolis
376 2689 422 2741 est
435 2683 530 2759 cemi‚
545 2684 609 2761 quia
621 2701 735 2745 cassum
746 2682 850 2745 lumine
862 2684 960 2745 fertur.

221 2767 386 2842 versarique
398 2773 511 2843 potest,
523 2765 627 2843 globus
642 2775 673 2826 ut
684 2768 720 2828 sit
737 2766 813 2828 forte
825 2766 892 2847 pilai

222 2846 332 2907 dimidia
343 2865 380 2907 ex
394 2850 465 2927 parti
478 2850 607 2910 candenti
618 2849 721 2911 lumine
733 2852 854 2928 tinctus,

159 2937 210 2992 tm
220 2931 419 3010 versandoque
430 2931 690 3009 globumvariantis
703 2932 790 2995 edere
804 2933 928 3012 formis,

221 3013 343 3092 donique
357 3032 420 3073 eam
430 3024 554 3092 partem,
570 3035 766 3096 quoecumque
781 3028 826 3080 est
835 3018 949 3096 ignibus
960 3028 1061 3099 aucta,

220 3096 255 3155 ad
268 3099 395 3174 speciem
407 3099 491 3160 vertit
503 3099 585 3161 nobis
597 3099 756 3179 oculosque
768 3104 907 3180 patentis:

221 3179 286 3238 iude
297 3181 448 3240 minutatim
463 3193 540 3244 retro
552 3193 721 3264 contorquet
734 3195 763 3245 et
773 3185 865 3246 aufert

221 3261 368 3323 lucilerum
380 3274 487 3341 partem
501 3265 709 3344 glomeraminis
722 3279 808 3348 atque
822 3269 903 3349 pilai;

158 3353 209 3407 775
221 3355 251 3406 ut
262 3345 435 3422 Babylonica
447 3346 618 3411 Chaldaeum
629 3353 755 3413 doctriua
766 3351 892 3415 refutans

220 3428 428 3512 astrologomm
439 3441 528 3493 artem
540 3442 637 3494 contra
649 3437 821 3497 convincere
832 3435 940 3513 tondit,
