2340 3854
632 189 646 250 l

224 359 287 419 sive
304 357 384 419 cibos
396 358 486 417 omnis
498 355 650 415 commixto
662 372 785 434 corpore
797 355 893 417 dicent

226 459 294 503 esse
306 450 335 500 et
348 439 455 499 babere
466 441 495 498 in
506 456 539 499 se
551 456 703 498 nervorum
716 454 837 518 corpora
848 457 936 519 parva

224 541 348 601 ossaque
360 531 389 582 et
402 524 513 582 omnino
526 539 614 582 uenas
626 523 772 601 partisque
786 525 914 601 cruoris,

224 607 273 667 list
286 608 327 665 uti
338 605 419 666 cibus
431 607 540 682 omnis,
555 615 585 665 et
594 604 689 672 andus
701 615 733 666 et
744 605 839 684 liquor
853 610 934 686 ipse,

156 699 209 756 865
222 708 259 750 ex
269 688 437 768 alienigenis
448 688 535 750 rebus
548 699 680 751 constare
691 699 825 768 putent,

224 773 338 833 ossibus
350 781 380 834 et
391 775 486 834 nervis
500 775 637 851 sanieque
652 782 681 837 et
692 775 831 852 sanguine
842 775 956 834 mixtim.

223 865 373 936 praeterea
384 874 582 935 quaecumque
593 875 610 917 e
621 865 697 918 terra
710 875 832 937 corpora
844 869 978 920 crescunt

222 940 248 1001 si
259 942 360 1000 suntin
371 941 473 1017 terris,
487 948 591 1000 terram
609 949 741 1001 constare
752 952 904 1004 necessest

223 1041 261 1083 ex
272 1021 456 1101 alienigenis,
470 1041 543 1101 qaae
554 1025 639 1084 terris
651 1027 824 1085 exoriuntur.

157 1105 343 1173 castrensia
354 1109 440 1183 item,
453 1106 571 1166 totidem
582 1107 678 1168 verbis
690 1116 768 1168 utare
781 1107 887 1169 licebit.

222 1193 250 1251 in
262 1189 347 1268 lignis
359 1192 384 1250 si
396 1190 504 1250 damma
515 1188 585 1251 latet
596 1191 747 1270 fumusque
759 1194 904 1270 cinisque,

223 1293 260 1335 ex
274 1273 442 1352 alienigenis
456 1275 612 1336 consistant
624 1274 700 1352 ligna
710 1285 871 1336 necessest.

222 1368 372 1439 praeterea
382 1357 471 1420 tellus
482 1375 555 1437 quae
567 1376 689 1438 corpora
700 1377 822 1438 cumque
833 1359 900 1436 alit,
912 1369 1003 1437 auget

222 1461 259 1502 ex
271 1441 457 1519 alienigenis,
472 1460 545 1520 quae
557 1441 725 1519 alienigenis
737 1446 871 1503 oriuntur.

158 1533 210 1590 875
263 1525 408 1602 Linquitur
418 1524 466 1583 bic
478 1524 614 1603 quaedam
624 1525 748 1586 latitandi
761 1529 843 1605 copia
855 1530 966 1603 tenvis,

222 1608 250 1667 id
263 1608 339 1686 quod
348 1607 532 1684 Anaxagoras
544 1609 598 1667 sibi
610 1611 708 1685 sumit,
721 1619 751 1669 ut
764 1611 892 1671 omnibus
903 1612 994 1670 omnis

223 1710 271 1751 res
283 1699 364 1771 putet
378 1693 506 1752 inmixtas
518 1691 605 1752 robus
617 1691 745 1768 latitare,
757 1692 811 1753 sed
822 1691 891 1751 illud

226 1793 365 1854 apparere
379 1792 483 1852 unum,
496 1776 578 1836 cuius
589 1776 645 1835 sint
657 1773 776 1853 plurima
785 1777 869 1836 mixta

223 1868 252 1919 et
263 1860 353 1935 magis
367 1859 396 1916 in
407 1869 540 1937 promptu
551 1859 697 1936 primaque
708 1859 737 1919 in
747 1858 841 1919 fronte
852 1857 954 1919 locata.

159 1949 212 2006 880
223 1941 300 2021 quod
312 1951 432 2002 tamena
445 1959 514 2002 uera
525 1940 614 2019 longe
626 1943 735 2002 ratione
746 1942 929 2023 repulsumst.

225 2025 413 2087 conveniebat
425 2027 499 2086 enim
510 2025 610 2103 fruges
624 2043 738 2104 quoque
750 2044 856 2105 saepe,
868 2028 968 2086 minaci

222 2111 326 2170 robore
342 2128 405 2170 oum
415 2111 475 2171 saxi
485 2109 670 2189 franguntur,
687 2112 799 2171 mittere
811 2113 922 2188 signum

223 2196 366 2272 sanguinis
378 2205 425 2254 aut
436 2193 559 2272 aliquid,
571 2203 671 2259 nostro
683 2212 756 2272 quae
770 2212 893 2273 corpore
903 2194 1034 2264 aluntur,

224 2296 288 2338 curn
299 2277 385 2356 lapidi
396 2277 519 2356 lapidem
529 2279 647 2337 terimm
657 2322 666 2353 ,
678 2295 790 2357 manare
802 2295 940 2338 cruorem.

158 2366 211 2423 885
225 2360 364 2421 consimili
375 2362 484 2420 ratione
495 2359 599 2419 herbas
612 2376 727 2438 quoque
743 2378 831 2438 saepe
843 2361 964 2420 decebat

223 2453 252 2504 et
265 2442 357 2503 laticis
369 2442 461 2503 dulcis
473 2452 567 2521 guttas
578 2442 718 2521 similique
731 2461 834 2522 sapore

222 2529 350 2603 mittere,
363 2525 507 2602 lanigerae
519 2525 595 2604 quali
606 2535 671 2586 sunt
681 2526 771 2586 ubere
783 2525 884 2603 lactis,

224 2608 353 2686 sedicet,
365 2618 395 2669 et
406 2609 500 2687 glebis
511 2619 647 2680 terrarum
659 2627 748 2687 saepe
759 2610 848 2670 iriatis

222 2692 372 2754 herbarum
381 2711 489 2770 genera
502 2703 531 2754 et
543 2692 643 2770 fruges
654 2692 828 2773 frondesque
841 2693 931 2755 videri

157 2783 212 2843 890
222 2779 369 2858 dispertita
380 2780 453 2839 inter
464 2786 567 2845 terram
577 2776 686 2849 latitare
697 2779 819 2855 minute,

221 2870 367 2942 postremo
379 2863 408 2921 ia
418 2860 503 2940 lignis
515 2863 639 2923 cinerem
650 2860 812 2940 fumumque
823 2864 929 2938 videri,

222 2964 286 3006 curn
296 2942 456 3024 praefracta
467 2947 580 3023 forent,
593 2948 724 3024 ignisque
736 2946 827 3008 latere
838 2948 970 3008 minutos.

222 3046 340 3107 qnorum
352 3029 390 3088 nil
402 3029 463 3090 lieri
476 3032 606 3109 quoniam
615 3030 763 3091 manifesta
774 3030 860 3090 docet
869 3047 929 3105 res,

221 3115 297 3174 scire
311 3111 380 3172 licet
391 3130 447 3172 non
458 3133 526 3174 esse
538 3116 567 3172 in
577 3114 665 3174 rebus
676 3131 724 3174 res
736 3116 773 3173 ita
783 3116 899 3190 mixtas,

156 3202 208 3261 895
222 3213 321 3257 veram
332 3198 439 3256 semina
449 3197 619 3258 multimodis
631 3199 745 3258 inmixta
754 3197 844 3257 latere

220 3278 368 3339 multarum
378 3298 472 3341 rerum
482 3282 510 3340 in
522 3281 610 3341 rebus
622 3281 779 3341 communia
790 3278 904 3341 debent.

257 3355 309 3423 ‘At
321 3381 409 3444 saepe
420 3366 449 3423 in
459 3365 568 3441 magnis
580 3365 610 3424 lit
621 3362 772 3424 montibus'
784 3354 926 3442 inquis‘ut
937 3362 1002 3426 altio

220 3447 369 3508 arboribus
384 3449 477 3507 uicina
489 3449 633 3507 cacumina
644 3464 749 3508 summa
760 3455 886 3507 terantur
