2340 3854
562 207 590 266 V

161 369 265 431 multos
277 371 351 430 enim
362 368 441 430 calor
454 378 541 447 atque
552 387 634 429 umor
644 371 797 450 superabat
810 375 838 433 in
849 374 938 435 arvis:

160 453 217 514 boc
229 455 278 514 ubi
290 471 421 532 quaeque
432 452 490 513 loci
503 454 586 530 regio
602 465 763 533 opportuna
773 455 906 534 (labatur,

93 546 148 600 tot
163 536 334 598 crescebant
345 537 418 597 uteri
429 545 534 598 terram
547 535 689 599 radicibus
701 540 773 618 spti;

160 637 233 697 qnos
244 619 293 679 nbi
304 630 435 699 tempore
445 627 553 679 maturo
564 619 741 698 patefecerat
750 631 829 682 aetas

160 702 312 780 infantum,
324 703 438 780 lugiens
448 719 576 763 umorem
586 721 725 782 aurasque
736 713 907 783 patescens,

162 785 348 847 convertebat
357 787 397 846 ibi
411 793 507 845 natura
518 784 653 846 foramina
665 797 759 847 terrae

143 927 146 933 .
160 878 190 929 et
200 886 299 930 sucum
310 871 391 929 venis
405 868 528 945 cogebat
540 868 661 931 fundere
671 871 778 949 apertis

94 960 149 1014 810
162 951 336 1012 consimilem
348 950 449 1030 lactis,
460 954 534 1013 sicut
544 971 619 1013 nunc
630 952 732 1014 femina
743 971 874 1032 quaeque

160 1052 223 1094 curn
236 1037 368 1113 peperit,
380 1034 457 1096 dulei
468 1034 597 1115 repletur
608 1036 701 1114 lacte,
719 1037 795 1114 quod
807 1039 897 1098 omnis

157 1120 280 1197 impetus
293 1120 322 1177 in
332 1136 464 1179 mannmas
476 1122 651 1180 convertitur
662 1119 712 1178 illc
724 1119 856 1180 alimenti.

158 1209 233 1260 terra
246 1202 339 1261 cibum
353 1203 468 1279 pueris,
479 1211 591 1261 vestem
601 1219 708 1280 vapor,
720 1200 809 1260 herba
824 1201 918 1261 cubile

157 1283 314 1363 praebebat
327 1283 454 1342 multaret
466 1282 544 1342 molli
556 1281 688 1360 lanugine
698 1282 851 1342 abundans.

89 1375 142 1430 815
156 1375 184 1425 at
200 1367 310 1425 novitas
322 1364 416 1424 mundi
428 1383 483 1424 nec
494 1364 599 1442 frigora
611 1367 678 1426 dura
691 1366 786 1425 ciebat

156 1467 212 1508 nec
226 1449 326 1508 nimios
338 1456 435 1508 aestus
446 1466 501 1508 nec
512 1451 620 1525 magnis
630 1449 738 1508 viribus
749 1466 840 1508 auras.

158 1534 248 1592 omnia
260 1532 333 1590 enim
344 1533 450 1611 pariter
462 1541 595 1592 crescunt
606 1541 635 1592 et
647 1532 750 1592 robora
762 1540 883 1592 sumunt.

198 1615 293 1688 Quare
304 1616 387 1674 etiam
398 1623 484 1693 atquo
496 1617 580 1675 etiam
590 1625 744 1676 maternum
755 1633 857 1675 nomon
867 1614 970 1694 adepta

156 1708 231 1759 terra
242 1707 320 1758 tenet
331 1699 449 1775 merito,
465 1701 595 1776 qnoniam
605 1717 697 1777 genus
710 1700 772 1778 ipsa
785 1700 891 1758 creavit

89 1790 143 1843 820
154 1780 302 1841 humanum
312 1791 397 1859 atque
408 1782 507 1842 animal
518 1799 609 1862 prope
622 1792 703 1844 certo
714 1791 844 1860 tempore
855 1780 925 1843 indit

155 1882 255 1942 omne,
268 1863 344 1943 qnod
355 1867 383 1924 in
394 1867 501 1943 magnis
513 1866 667 1927 bacchatur
677 1865 812 1926 montibn'
823 1867 946 1944 passim,

154 1950 304 2027 aeriasque
315 1948 398 2007 simul
408 1949 543 2008 volucres
555 1949 717 2009 variantibu’
729 1947 835 2008 formis.

154 2030 206 2090 sed
220 2032 285 2107 quia
297 2030 381 2088 linem
394 2029 515 2109 aliquam
526 2031 652 2108 pariendi
664 2029 750 2089 debet
761 2028 884 2106 babere,

156 2113 282 2188 destitit,
294 2120 324 2171 ut
335 2111 437 2172 molier
451 2114 544 2191 spatio
557 2112 672 2171 defessa
682 2120 806 2171 vetusto.

90 2205 141 2260 825
156 2203 243 2255 mutat
257 2195 332 2254 enim
343 2194 436 2253 mnndi
447 2204 571 2254 naturam
582 2194 669 2254 totius
680 2202 775 2270 aetas,

154 2298 191 2339 en
201 2277 315 2356 alioque
327 2277 398 2338 alins
411 2287 500 2338 status
512 2278 654 2354 excipere.
662 2278 753 2336 omnia
763 2275 866 2352 debet,

153 2380 208 2422 nec
220 2370 313 2421 manet
323 2359 380 2420 ulla
391 2363 434 2422 sui
446 2360 544 2422 similis
557 2379 620 2421 res:
633 2361 724 2420 omnia
733 2361 869 2437 migrant,

154 2446 244 2505 omnia
258 2453 408 2505 commutat
420 2453 518 2504 natura
529 2453 559 2504 et
573 2453 688 2505 vertere
699 2444 786 2520 cogit.

153 2546 273 2606 namque
285 2527 351 2587 aliut
363 2530 502 2608 putrescit
517 2537 546 2588 et
556 2545 629 2588 aevo
641 2526 736 2588 debile
746 2526 879 2605 languet,

88 2620 140 2675 830
152 2628 238 2690 porro
250 2609 317 2670 aliut
331 2608 463 2671 clarescit
474 2620 531 2671 ete
545 2610 753 2690 contemptibus
767 2611 834 2670 exit.

153 2695 195 2753 sic
207 2695 293 2770 igitur
305 2693 398 2752 mundi
409 2701 533 2753 naturam
543 2696 629 2755 totIus
639 2702 717 2754 aetas

152 2783 256 2852 mutat,
269 2784 299 2834 et
310 2792 348 2834 ex
357 2775 413 2835 alio
423 2784 526 2845 terram
536 2786 624 2838 status
636 2777 744 2855 excipit
754 2775 842 2851 alter,

153 2857 229 2938 qnod
240 2866 310 2936 pote
322 2859 362 2918 uti
372 2868 511 2937 nequeat,
527 2862 619 2939 possit
630 2858 707 2937 quod
721 2875 777 2917 non
789 2857 852 2918 tulit
865 2867 938 2918 ante.

194 2940 340 3017 Multaque
351 2950 409 3002 tum
421 2940 508 3003 tellus
520 2945 603 3004 ctiam
614 2951 746 3022 portenta
758 2958 857 3002 creare

89 3034 141 3089 835
154 3033 281 3085 conatast
292 3026 360 3085 mira
370 3023 445 3086 iaoie
455 3027 647 3103 membrisque
659 3034 774 3101 coorta,

153 3108 781 3186 androgynum‚interutraquenecutrum‚u
864 3116 1061 3185 peremtum,

154 3191 223 3251 orba
236 3188 341 3270 perlons
354 3193 469 3271 partim,
482 3205 611 3250 manuum
620 3187 732 3250 viduata
744 3189 772 3248 vi

152 3283 227 3333 muta
237 3276 299 3333 sine
311 3290 362 3334 ore
374 3275 474 3351 etim,
487 3274 550 3334 sine
560 3269 640 3332 voltu
651 3287 738 3332 cceca
747 3288 819 3344 repe

152 3359 303 3435 vinctaque
316 3356 504 3418 membrorum
515 3371 569 3436 per
578 3361 668 3415 totum
679 3370 736 3435 con

89 3448 143 3505 olo
153 3457 209 3500 nee
219 3438 316 3500 iacere
330 3448 360 3500 nt
371 3447 492 3521 possent
506 3437 656 3519 quicqum
665 3453 723 3527 nep
732 3455 756 3499 n

279 3620 298 3657 Ω
