2340 3854
515 236 556 296 Vl

114 405 143 462 in
155 421 263 464 summo
279 413 343 464 sunt
354 405 465 465 vertice
477 406 552 466 enim
568 414 712 482 crateres,
726 414 755 464 ut
767 406 822 485 ipsi

115 487 292 575 nominitant3
304 503 357 548 nos
370 488 447 566 quod
457 487 557 549 fauces
568 488 753 567 perhibemus
766 497 795 549 et
807 505 865 549 ora.

157 569 228 630 Sunt
239 568 346 648 aliquot
359 587 474 650 quoque
485 589 533 632 res
545 589 663 649 quarum
674 589 755 632 unam
767 571 864 634 dicore
877 589 990 635 oausam

114 654 251 715 nonsatis
264 663 326 730 est,
338 671 438 712 rerum
448 652 556 733 pluris,
568 654 643 715 unde
657 673 711 715 una
721 665 815 716 tamen
827 657 879 726 sit;

64 747 102 802 '05
117 754 222 816 corpus
234 745 264 796 ut
276 738 433 796 exanimum
444 737 547 815 siquod
558 737 660 816 procul
671 739 734 818 ipse
746 739 844 800 iacere

116 822 277 900 conspicias
288 820 426 897 hominis,
440 821 511 881 litut
524 823 613 882 omnis
625 820 723 883 dicere
737 839 837 882 causas

115 905 266 966 conveniat
280 903 347 981 leti,
362 903 472 964 dicatur
484 914 514 965 ut
525 904 602 966 illius
613 923 684 966 una:

113 1006 176 1048 nam
189 1006 283 1067 neque
295 1005 360 1047 euru
372 988 450 1048 ferro
461 1007 516 1049 uec
528 989 636 1068 frigore
646 991 764 1050 vincere
775 991 872 1068 possis

113 1069 256 1133 interiisse
267 1089 360 1150 neque
373 1074 499 1133 amorbo
510 1092 605 1152 neque
618 1074 693 1133 forte
704 1090 834 1149 veneno,
922 1110 931 1125 ·

64 1164 102 1219 '10
115 1173 213 1216 verum
224 1153 329 1233 aliquid
340 1174 449 1233 genere
461 1176 529 1216 esse
544 1175 582 1216 ex
593 1156 650 1215 lroc
662 1155 738 1234 quod
753 1158 872 1234 contigit
883 1158 911 1216 ei

113 1241 228 1299 scimus.
241 1239 310 1298 item
320 1240 348 1296 in
359 1239 453 1299 multis
466 1238 522 1298 hoc
534 1241 620 1300 rebus
634 1238 731 1299 dicere
743 1239 889 1299 hahemus.
924 1243 929 1252 “

154 1321 235 1382 Nilus
250 1324 278 1379 in
289 1330 426 1381 aestatem
440 1323 546 1383 crescit
558 1323 722 1401 campisque
734 1321 886 1400 redundat,

112 1408 212 1466 unicus
225 1407 253 1464 in
267 1406 351 1465 terris
362 1405 490 1484 Aegypti
501 1407 588 1466 totius
600 1408 696 1467 amnis.

111 1490 136 1549 is
148 1491 221 1567 rigat
231 1490 398 1568 Aegyptum
408 1488 529 1549 medium
542 1507 596 1569 per
607 1507 695 1568 saepe
709 1488 852 1567 calorem,

65 1582 98 1636 15
110 1582 158 1633 aut
169 1574 232 1652 quia
244 1582 308 1633 sunt
319 1581 428 1633 aestate
440 1572 589 1651 aquilones
601 1575 673 1632 ostia
686 1583 801 1650 contra,

111 1658 174 1716 anni
186 1665 316 1736 tempore
328 1674 365 1717 eo
377 1658 425 1735 qui
437 1659 546 1718 etesiae
559 1675 626 1717 esse
637 1657 784 1733 feruntur,

111 1749 141 1800 et
153 1750 251 1800 contra
263 1740 377 1801 lluvium
387 1741 487 1804 lantes
499 1751 676 1801 remorantur
687 1750 717 1801 et
727 1740 816 1801 undas

112 1834 251 1901 cogentes
267 1843 366 1886 sursus
380 1823 494 1906 replent
507 1835 672 1904 coguntque
683 1843 806 1886 manere.
837 1846 840 1851 ·

111 1925 174 1967 uam
187 1907 272 1967 dubio
284 1909 386 1988 procul
397 1909 470 1970 haec
482 1909 605 1971 adverso
618 1909 705 1970 dabra
717 1909 847 1970 feruntur

64 2001 98 2054 20
113 1991 246 2066 flumine,
260 2008 333 2067 quae
344 1991 449 2067 gelidis
466 1994 501 2052 ab
513 1993 606 2053 stellis
619 1994 680 2052 axis
692 2003 829 2068 aguntur:

109 2072 159 2134 ille
172 2090 210 2133 ex
221 2072 356 2132 aestifera
367 2076 440 2152 parti
451 2077 529 2134 venit
540 2076 629 2134 amnis
641 2075 676 2136 ab
689 2084 804 2152 austro,

111 2160 184 2218 inter
195 2156 275 2234 nigra
286 2157 377 2216 virum
386 2166 527 2236 percocto
540 2156 638 2217 saecla
650 2157 750 2218 colore

112 2241 245 2302 exoriens
258 2240 373 2319 penitus
384 2240 476 2301 media
488 2242 522 2301 ab
535 2243 655 2319 regione
668 2241 732 2301 diei.

111 2334 157 2386 est
168 2341 284 2404 quoque
296 2326 336 2384 uti
347 2327 440 2404 possit
454 2342 572 2404 magnus
585 2334 742 2403 congestus
755 2344 858 2387 arenae

65 2418 99 2471 25
115 2408 248 2470 ductibus
259 2407 389 2471 adversis
402 2409 532 2490 oppilare
544 2411 617 2472 ostiu
629 2419 743 2491 contra,

111 2511 175 2554 cum
186 2511 262 2554 mare
274 2506 433 2573 permotum
444 2497 537 2557 ventis
548 2497 604 2556 ruit
616 2497 690 2557 intus
702 2513 830 2564 arenam3

110 2594 166 2656 quo
179 2579 208 2637 lit
219 2580 258 2636 uti
269 2587 355 2656 pacto
368 2578 442 2639 liber
452 2581 543 2640 minus
559 2582 652 2640 exitus
663 2581 736 2640 amni

109 2670 139 2721 et
149 2658 287 2740 proclivis
299 2662 369 2720 item
381 2662 427 2720 liat
438 2663 529 2722 minus
541 2664 664 2741 impetus
677 2662 769 2723 undis.

110 2745 139 2804 lit
151 2761 266 2823 quoque
278 2744 318 2803 uti
330 2741 461 2820 pluviae,
475 2743 587 2820 forsan,
599 2747 689 2821 magis
700 2744 736 2805 ad
748 2754 832 2824 caput
849 2745 877 2806 ei

64 2837 94 2891 to
103 2837 235 2907 tempore
248 2844 284 2887 eo
296 2827 377 2903 liant,
390 2825 467 2905 quod
476 2828 568 2888 etesia
579 2827 666 2888 dabra
677 2827 840 2906 aquilonum

108 2911 204 2972 nubila
215 2912 358 2972 coniciunt
370 2912 459 2970 ineas
472 2919 539 2970 tunc
551 2913 643 2971 omnia
652 2912 755 2990 partis:

108 2992 239 3072 scilicet,
251 2994 286 3055 ad
299 2994 419 3055 medium
429 2996 578 3072 regionem
590 2996 684 3055 eiecta
698 2994 754 3055 dici

110 3095 174 3139 oum
186 3088 397 3156 convenerunt,
411 3078 450 3137 ibi
462 3078 581 3139 adultos
595 3079 718 3158 denique
729 3079 833 3140 montis

109 3171 261 3223 contrusae
273 3163 365 3224 nubes
378 3171 519 3240 coguntur
530 3164 616 3241 tique
629 3171 803 3240 premuntur.

64 3255 92 3309 35
107 3244 226 3306 forsitan
236 3245 410 3327 Aethiopum
421 3243 534 3324 penitus
547 3245 583 3306 de
594 3245 737 3306 montibus
749 3243 813 3308 altis

108 3339 237 3408 crescat,
249 3331 297 3390 ubi
309 3332 337 3390 iu
350 3346 466 3408 campos
480 3329 559 3390 albas
571 3328 751 3390 descendere
763 3329 886 3407 ningues

107 3412 229 3473 tabilicis
242 3414 348 3492 subigit
360 3415 443 3475 radiis
456 3412 501 3473 sol
512 3415 604 3474 omnia
614 3411 747 3474 lustrans.

147 3493 230 3557 Nunc
241 3514 312 3575 age,
325 3498 441 3558 Averna
451 3497 502 3557 tihi
514 3516 586 3579 quae
598 3499 653 3559 sint
666 3494 731 3558 loca
744 3515 865 3576 cumque
