2340 3854
144 187 207 251 ldl)
622 190 650 249 V

226 374 310 434 quam
320 356 418 432 biiugo
432 372 516 414 curru
527 353 596 415 belli
611 364 750 434 temptare
765 355 882 434 pericla

228 449 257 499 et
272 440 384 516 biiugos
396 440 474 516 prius
486 446 531 498 001
544 455 627 516 quam
641 437 685 498 bis
697 438 873 516 coniungere
884 439 966 505 binos

227 531 256 581 01
269 538 351 598 quam
362 519 509 581 falciferos
520 529 654 580 armatum
666 520 826 581 escendere
837 539 947 583 currus.

144 615 213 669 1300
229 603 294 663 inde
310 604 402 664 boves
414 602 494 663 lucas
507 605 608 663 turrito
619 620 760 681 corpore,
773 612 879 682 tetras,

226 688 425 764 anguimanus,
442 685 511 745 belli
525 685 683 747 docuerunt
693 685 811 746 1011010
821 686 908 747 Poeni

226 770 347 830 sufferre
359 778 389 829 01
398 786 514 847 magnas
527 768 624 829 blartis
635 769 749 830 turbare
765 779 903 831 00101100.

226 855 269 913 010
281 852 337 912 alid
350 870 388 912 ex
397 850 454 911 alio
468 852 583 931 peperit
598 851 739 913 discordia
752 853 858 931 tristis,

225 933 362 994 horribile
373 933 500 994 humanis
512 934 589 1011 quod
599 935 732 1010 gentibus
744 945 825 996 esset
836 937 864 995 in
874 936 978 1015 amuis,

143 1028 209 1082 1305
225 1020 311 1095 inque
325 1016 386 1076 dies
399 1016 468 1077 belli
479 1017 636 1077 terroribus
647 1017 753 1079 addidit
762 1037 892 1096 augmen.

267 1100 448 1180 Temptarunt
463 1102 547 1161 etiam
561 1109 656 1160 tauros
671 1103 699 1159 in
709 1117 845 1162 moenere
856 1101 943 1179 belli,

224 1185 393 1261 expertique
407 1203 475 1244 0100
490 1200 594 1244 suevos
605 1193 670 1244 sunt
679 1185 792 1244 mittere
806 1187 834 1243 in
845 1184 947 1245 bostis.

224 1278 253 1328 01
267 1266 376 1327 validos
388 1268 488 1346 purtim
499 1284 567 1345 prae
580 1286 613 1327 00
625 1268 729 1327 misere
742 1266 843 1328 leones

224 1369 288 1416 curu
299 1349 464 1410 doctoribus
475 1352 587 1410 armatis
602 1352 754 1427 saevisque
768 1352 926 1429 magistris,

141 1443 210 1497 1310
225 1436 273 1512 qui
284 1434 457 1493 moderarier
467 1432 511 1493 his
523 1443 643 1513 possent
653 1433 814 1511 vinclisque
825 1443 944 1512 tenere,

224 1519 411 1595 nequiquam,
424 1518 554 1595 quoniam
568 1518 706 1594 permixta
717 1517 807 1577 caede
822 1516 950 1579 calentes

222 1600 372 1660 turbabant
383 1602 460 1660 00011
472 1598 550 1659 11110
565 1600 726 1660 discrimine
737 1609 858 1678 turmas,

224 1684 373 1761 [1011111000
389 1685 511 1763 capitum
522 1685 681 1761 quatientes
694 1682 818 1761 undique
830 1683 944 1762 cristas}

221 1784 277 1826 nec
289 1775 419 1843 poterant
431 1769 542 1844 equites
555 1767 667 1826 fremitu
678 1768 829 1846 perterrita
843 1783 980 1844 equorum

140 1855 207 1911 1315
222 1859 343 1929 pectora
353 1849 481 1908 mulcere
496 1859 526 1909 et
538 1848 627 1909 frenis
642 1858 812 1909 convertere
824 1850 853 1909 in
864 1849 964 1911 bostis.

222 1935 331 1992 inritata
346 1930 409 1991 leae
419 1933 560 1992 iaciebant
573 1949 692 2010 corpora
707 1932 780 1993 saltu

223 2015 363 2093 undique,
377 2026 406 2076 01
416 2014 567 2076 adversum
577 2016 757 2075 venientibus
773 2032 822 2076 ora
832 2015 986 2096 petebant,

222 2109 252 2159 et
264 2100 460 2177 necopinantis
470 2117 487 2159 a
497 2108 581 2175 tergo
593 2099 786 2179 deripiebant,

222 2181 419 2260 deplexaeque
432 2180 533 2242 dabant
544 2185 572 2241 in
586 2192 689 2242 terram
700 2180 820 2241 volnere
830 2183 941 2258 victos,

139 2273 207 2327 1310
222 2265 363 2325 morsibus
374 2265 483 2326 adfixae
497 2264 597 2325 ualidis
608 2274 693 2343 atque
704 2265 845 2342 unguibus
855 2267 946 2324 uncis.

221 2348 418 2426 iactabantque
429 2365 498 2409 suos
509 2350 580 2415 tauri
591 2348 771 2426 pedibusque
783 2347 930 2425 terebant,

221 2428 352 2491 01101010
366 2448 400 2490 00
413 2440 528 2491 ventres
543 2429 687 2491 bauribaut
698 2441 799 2510 supter
808 2448 946 2509 equorum

223 2513 372 2589 cornibus,
385 2522 415 2572 01
429 2522 531 2572 terram
542 2515 675 2574 minitanti
688 2514 780 2574 fronte
791 2515 919 2575 ruebant.

222 2606 251 2656 et
262 2595 362 2657 validis
376 2598 474 2657 socios
487 2596 643 2658 caedebant
654 2598 785 2658 dentibus
796 2600 874 2677 apri,

139 2688 206 2742 1325
223 2679 280 2740 tela
291 2679 409 2740 infracta
421 2697 473 2741 suo
486 2683 649 2758 tinguentes
662 2683 798 2758 sanguine
813 2682 909 2757 saevi,

223 2765 261 2842 [in
272 2782 304 2822 se
317 2763 404 2824 fracta
417 2781 469 2823 suo
481 2766 643 2841 tinguentes
658 2766 795 2842 sanguine
806 2763 877 2842 tela}

219 2848 430 2926 permixtasque
443 2847 544 2907 dabant
556 2850 681 2925 equitum
692 2848 875 2926 peditumque
888 2848 1001 2910 minas:

220 2947 283 2989 nam
297 2939 457 2990 1101010100
469 2930 546 2991 feros
559 2932 673 2991 exibant
685 2930 776 2991 dentis
789 2930 905 2990 adactus

221 3015 343 3072 iumenta
354 3022 401 3074 aut
411 3012 532 3093 pedibus
547 3023 650 3074 ventos
661 3023 759 3074 erecta
769 3014 920 3094 petebant,

138 3099 206 3156 1330
218 3098 404 3173 nequiquam,
418 3098 547 3175 quoniam
558 3098 594 3157 ab
605 3099 700 3157 nervis
713 3099 826 3158 succisa
835 3097 949 3159 videres

221 3179 372 3237 concidere
383 3188 468 3258 atque
479 3182 558 3256 gravi
569 3190 670 3240 terram
682 3191 867 3241 consternere
878 3198 955 3240 casu.

221 3263 328 3339 siquos
343 3271 408 3321 ante
420 3263 494 3322 domi
506 3263 627 3324 domitos
638 3265 706 3324 satis
718 3281 785 3324 esse
795 3263 947 3343 putabant,

222 3343 417 3404 effervescere
431 3347 583 3407 cernebant
594 3348 621 3406 in
634 3347 722 3408 rebus
732 3347 868 3425 agundis,

224 3426 405 3507 volneribus,
417 3427 557 3507 elamore,
569 3429 653 3507 fuga,
665 3440 792 3509 terrore,
803 3429 940 3510 tumultu,
