<?xml version="1.0" encoding="UTF-8"?>
<!DOCTYPE html PUBLIC "-//W3C//DTD XHTML 1.0 Transitional//EN"
    "http://www.w3.org/TR/xhtml1/DTD/xhtml1-transitional.dtd">
<html xmlns="http://www.w3.org/1999/xhtml" xml:lang="en" lang="en">
 <head>
  <title>
</title>
<meta http-equiv="Content-Type" content="text/html;charset=utf-8" />
  <meta name='ocr-system' content='tesseract 3.04.00' />
  <meta name='ocr-capabilities' content='ocr_page ocr_carea ocr_par ocr_line ocrx_word'/>
</head>
<body>
  <div class='ocr_page' id='page_1' title='image "./dererumnaturali05carugoog_0065.png"; bbox 0 0 2340 3854; ppageno 0'>
   <div class='ocr_carea' id='block_1_1' title="bbox 137 183 656 249">
    <p class='ocr_par' dir='ltr' id='par_1_1' title="bbox 137 183 656 249">
     <span class='ocr_line' id='line_1_1' title="bbox 137 183 656 249; baseline -0.01 0"><span class='ocrx_word' id='word_1_1' title='bbox 137 184 181 249; x_wconf 81' lang='grc'>110</span> <span class='ocrx_word' id='word_1_2' title='bbox 629 183 656 244; x_wconf 92' lang='grc'>11</span> 
     </span>
    </p>
   </div>
   <div class='ocr_carea' id='block_1_2' title="bbox 146 351 1056 3534">
    <p class='ocr_par' dir='ltr' id='par_1_2' title="bbox 158 351 955 764">
     <span class='ocr_line' id='line_1_2' title="bbox 158 351 853 430; baseline -0.006 -15"><span class='ocrx_word' id='word_1_3' title='bbox 158 359 210 415; x_wconf 97' lang='grc'>710</span> <span class='ocrx_word' id='word_1_4' title='bbox 223 352 354 430; x_wconf 88' lang='lat' dir='ltr'>scilicet,</span> <span class='ocrx_word' id='word_1_5' title='bbox 365 352 394 413; x_wconf 95' lang='lat' dir='ltr'>id</span> <span class='ocrx_word' id='word_1_6' title='bbox 408 361 487 414; x_wconf 88' lang='lat' dir='ltr'>certa</span> <span class='ocrx_word' id='word_1_7' title='bbox 498 351 560 412; x_wconf 90' lang='lat' dir='ltr'>lieri</span> <span class='ocrx_word' id='word_1_8' title='bbox 571 352 679 411; x_wconf 87' lang='lat' dir='ltr'>ratione</span> <span class='ocrx_word' id='word_1_9' title='bbox 692 359 853 411; x_wconf 76' lang='lat' dir='ltr'>necessust.</span> 
     </span>
     <span class='ocr_line' id='line_1_3' title="bbox 221 433 955 514; baseline -0.003 -18"><span class='ocrx_word' id='word_1_10' title='bbox 221 453 284 496; x_wconf 91' lang='lat' dir='ltr'>nam</span> <span class='ocrx_word' id='word_1_11' title='bbox 295 454 347 498; x_wconf 89' lang='lat' dir='ltr'>sua</span> <span class='ocrx_word' id='word_1_12' title='bbox 358 438 461 514; x_wconf 88' lang='lat' dir='ltr'>cuique</span> <span class='ocrx_word' id='word_1_13' title='bbox 476 435 548 495; x_wconf 85' lang='lat' dir='ltr'>cibis</span> <span class='ocrx_word' id='word_1_14' title='bbox 560 452 599 494; x_wconf 82' lang='lat' dir='ltr'>ex</span> <span class='ocrx_word' id='word_1_15' title='bbox 611 433 740 494; x_wconf 89' lang='lat' dir='ltr'>omuibus</span> <span class='ocrx_word' id='word_1_16' title='bbox 751 435 825 494; x_wconf 89' lang='lat' dir='ltr'>lutus</span> <span class='ocrx_word' id='word_1_17' title='bbox 838 435 867 492; x_wconf 93' lang='lat' dir='ltr'>in</span> <span class='ocrx_word' id='word_1_18' title='bbox 879 443 955 495; x_wconf 87' lang='lat' dir='ltr'>artus</span> 
     </span>
     <span class='ocr_line' id='line_1_4' title="bbox 222 518 898 600; baseline -0.004 -19"><span class='ocrx_word' id='word_1_19' title='bbox 222 537 345 600; x_wconf 88' lang='lat' dir='ltr'>corpora</span> <span class='ocrx_word' id='word_1_20' title='bbox 356 518 506 579; x_wconf 91' lang='lat' dir='ltr'>discedunt</span> <span class='ocrx_word' id='word_1_21' title='bbox 518 535 686 597; x_wconf 81' lang='lat' dir='ltr'><strong>conexaque</strong></span> <span class='ocrx_word' id='word_1_22' title='bbox 702 518 898 579; x_wconf 88' lang='lat' dir='ltr'>convenientis</span> 
     </span>
     <span class='ocr_line' id='line_1_5' title="bbox 222 600 866 664; baseline -0.006 0"><span class='ocrx_word' id='word_1_23' title='bbox 222 603 350 664; x_wconf 85' lang='grc'><strong>1111111111</strong></span> <span class='ocrx_word' id='word_1_24' title='bbox 359 612 468 663; x_wconf 91' lang='lat' dir='ltr'>motus:</span> <span class='ocrx_word' id='word_1_25' title='bbox 481 610 619 663; x_wconf 88' lang='lat' dir='ltr'>utcontra</span> <span class='ocrx_word' id='word_1_26' title='bbox 633 601 724 661; x_wconf 93' lang='lat' dir='ltr'>aliena</span> <span class='ocrx_word' id='word_1_27' title='bbox 737 600 866 661; x_wconf 89' lang='lat' dir='ltr'>videmus</span> 
     </span>
     <span class='ocr_line' id='line_1_6' title="bbox 221 683 895 764; baseline 0 -18"><span class='ocrx_word' id='word_1_28' title='bbox 221 689 334 747; x_wconf 80' lang='lat' dir='ltr'><strong>reicere</strong></span> <span class='ocrx_word' id='word_1_29' title='bbox 345 688 373 745; x_wconf 93' lang='lat' dir='ltr'>in</span> <span class='ocrx_word' id='word_1_30' title='bbox 386 696 477 747; x_wconf 89' lang='lat' dir='ltr'>terras</span> <span class='ocrx_word' id='word_1_31' title='bbox 488 693 630 764; x_wconf 90' lang='lat' dir='ltr'>naturam,</span> <span class='ocrx_word' id='word_1_32' title='bbox 643 683 786 764; x_wconf 84' lang='lat' dir='ltr'>multaque</span> <span class='ocrx_word' id='word_1_33' title='bbox 800 686 895 746; x_wconf 88' lang='lat' dir='ltr'>caecis</span> 
     </span>
    </p>

    <p class='ocr_par' dir='ltr' id='par_1_3' title="bbox 158 766 1019 1183">
     <span class='ocr_line' id='line_1_7' title="bbox 158 766 946 850; baseline -0.006 -16"><span class='ocrx_word' id='word_1_34' title='bbox 158 779 209 834; x_wconf 88' lang='grc'>715</span> <span class='ocrx_word' id='word_1_35' title='bbox 222 770 391 850; x_wconf 90' lang='lat' dir='ltr'>corporibus</span> <span class='ocrx_word' id='word_1_36' title='bbox 402 769 513 847; x_wconf 87' lang='lat' dir='ltr'>lugiunt</span> <span class='ocrx_word' id='word_1_37' title='bbox 525 788 542 830; x_wconf 91' lang='lat' dir='ltr'><strong>e</strong></span> <span class='ocrx_word' id='word_1_38' title='bbox 556 786 697 848; x_wconf 86' lang='lat' dir='ltr'>corpore,</span> <span class='ocrx_word' id='word_1_39' title='bbox 713 770 822 849; x_wconf 88' lang='lat' dir='ltr'>percita</span> <span class='ocrx_word' id='word_1_40' title='bbox 835 766 946 849; x_wconf 86' lang='lat' dir='ltr'>plagis,</span> 
     </span>
     <span class='ocr_line' id='line_1_8' title="bbox 222 855 1019 934; baseline -0.001 -19"><span class='ocrx_word' id='word_1_41' title='bbox 222 873 295 934; x_wconf 88' lang='lat' dir='ltr'>quae</span> <span class='ocrx_word' id='word_1_42' title='bbox 305 872 400 932; x_wconf 84' lang='lat' dir='ltr'>neque</span> <span class='ocrx_word' id='word_1_43' title='bbox 413 855 526 915; x_wconf 91' lang='lat' dir='ltr'>conecti</span> <span class='ocrx_word' id='word_1_44' title='bbox 541 871 684 932; x_wconf 88' lang='lat' dir='ltr'>quoquam</span> <span class='ocrx_word' id='word_1_45' title='bbox 697 861 819 932; x_wconf 88' lang='lat' dir='ltr'>potuere</span> <span class='ocrx_word' id='word_1_46' title='bbox 832 871 927 933; x_wconf 86' lang='lat' dir='ltr'>neque</span> <span class='ocrx_word' id='word_1_47' title='bbox 942 855 971 913; x_wconf 94' lang='lat' dir='ltr'>iu</span> <span class='ocrx_word' id='word_1_48' title='bbox 984 872 1019 914; x_wconf 87' lang='grc'>11</span> 
     </span>
     <span class='ocr_line' id='line_1_9' title="bbox 220 937 811 1016; baseline -0.003 -19"><span class='ocrx_word' id='word_1_49' title='bbox 220 937 313 999; x_wconf 83' lang='lat' dir='ltr'>vitalis</span> <span class='ocrx_word' id='word_1_50' title='bbox 324 947 418 998; x_wconf 89' lang='lat' dir='ltr'>motus</span> <span class='ocrx_word' id='word_1_51' title='bbox 430 939 593 998; x_wconf 87' lang='lat' dir='ltr'>consentire</span> <span class='ocrx_word' id='word_1_52' title='bbox 604 946 690 1016; x_wconf 88' lang='lat' dir='ltr'>atque</span> <span class='ocrx_word' id='word_1_53' title='bbox 702 938 811 997; x_wconf 89' lang='lat' dir='ltr'>imitari.</span> 
     </span>
     <span class='ocr_line' id='line_1_10' title="bbox 221 1019 833 1100; baseline -0.005 -18"><span class='ocrx_word' id='word_1_54' title='bbox 221 1022 274 1082; x_wconf 89' lang='lat' dir='ltr'>sed</span> <span class='ocrx_word' id='word_1_55' title='bbox 287 1040 324 1082; x_wconf 89' lang='lat' dir='ltr'>ue</span> <span class='ocrx_word' id='word_1_56' title='bbox 338 1021 413 1081; x_wconf 91' lang='lat' dir='ltr'>iorte</span> <span class='ocrx_word' id='word_1_57' title='bbox 428 1031 512 1100; x_wconf 88' lang='lat' dir='ltr'>putes</span> <span class='ocrx_word' id='word_1_58' title='bbox 528 1019 656 1080; x_wconf 90' lang='lat' dir='ltr'>animalia</span> <span class='ocrx_word' id='word_1_59' title='bbox 669 1019 731 1081; x_wconf 92' lang='lat' dir='ltr'>sola</span> <span class='ocrx_word' id='word_1_60' title='bbox 742 1022 833 1080; x_wconf 90' lang='lat' dir='ltr'>teneri</span> 
     </span>
     <span class='ocr_line' id='line_1_11' title="bbox 220 1103 930 1183; baseline -0.003 -19"><span class='ocrx_word' id='word_1_61' title='bbox 220 1104 334 1183; x_wconf 87' lang='lat' dir='ltr'>legibus</span> <span class='ocrx_word' id='word_1_62' title='bbox 347 1105 445 1182; x_wconf 89' lang='lat' dir='ltr'>hisce,</span> <span class='ocrx_word' id='word_1_63' title='bbox 456 1103 556 1165; x_wconf 91' lang='lat' dir='ltr'>eadem</span> <span class='ocrx_word' id='word_1_64' title='bbox 570 1105 641 1164; x_wconf 88' lang='lat' dir='ltr'>ratio</span> <span class='ocrx_word' id='word_1_65' title='bbox 654 1104 827 1165; x_wconf 87' lang='lat' dir='ltr'>disterminat</span> <span class='ocrx_word' id='word_1_66' title='bbox 839 1121 930 1164; x_wconf 87' lang='lat' dir='ltr'>omne.</span> 
     </span>
    </p>

    <p class='ocr_par' dir='ltr' id='par_1_4' title="bbox 157 1186 1056 1603">
     <span class='ocr_line' id='line_1_12' title="bbox 157 1186 799 1252; baseline -0.006 0"><span class='ocrx_word' id='word_1_67' title='bbox 157 1197 281 1252; x_wconf 75' lang='grc'><strong>7101111</strong></span> <span class='ocrx_word' id='word_1_68' title='bbox 292 1188 380 1249; x_wconf 86' lang='lat' dir='ltr'>veluti</span> <span class='ocrx_word' id='word_1_69' title='bbox 391 1197 558 1248; x_wconf 87' lang='lat' dir='ltr'>totanatura</span> <span class='ocrx_word' id='word_1_70' title='bbox 569 1186 720 1249; x_wconf 87' lang='lat' dir='ltr'>dissimiles</span> <span class='ocrx_word' id='word_1_71' title='bbox 734 1197 799 1248; x_wconf 89' lang='lat' dir='ltr'>suut</span> 
     </span>
     <span class='ocr_line' id='line_1_13' title="bbox 219 1274 1056 1351; baseline -0.001 -19"><span class='ocrx_word' id='word_1_72' title='bbox 219 1275 293 1333; x_wconf 92' lang='lat' dir='ltr'>iuter</span> <span class='ocrx_word' id='word_1_73' title='bbox 306 1292 339 1333; x_wconf 88' lang='lat' dir='ltr'>se</span> <span class='ocrx_word' id='word_1_74' title='bbox 351 1275 464 1351; x_wconf 78' lang='lat' dir='ltr'>genitae</span> <span class='ocrx_word' id='word_1_75' title='bbox 475 1291 524 1333; x_wconf 91' lang='lat' dir='ltr'>res</span> <span class='ocrx_word' id='word_1_76' title='bbox 537 1291 685 1351; x_wconf 84' lang='lat' dir='ltr'>quaeque,</span> <span class='ocrx_word' id='word_1_77' title='bbox 699 1274 736 1332; x_wconf 90' lang='lat' dir='ltr'>ita</span> <span class='ocrx_word' id='word_1_78' title='bbox 748 1290 887 1351; x_wconf 90' lang='lat' dir='ltr'>quamque</span> <span class='ocrx_word' id='word_1_79' title='bbox 900 1279 1056 1332; x_wconf 83' lang='lat' dir='ltr'>necessest</span> 
     </span>
     <span class='ocr_line' id='line_1_14' title="bbox 220 1355 822 1435; baseline -0.002 -20"><span class='ocrx_word' id='word_1_80' title='bbox 220 1355 347 1417; x_wconf 89' lang='lat' dir='ltr'>dissimili</span> <span class='ocrx_word' id='word_1_81' title='bbox 360 1365 491 1417; x_wconf 81' lang='lat' dir='ltr'>constare</span> <span class='ocrx_word' id='word_1_82' title='bbox 503 1357 591 1433; x_wconf 87' lang='lat' dir='ltr'>ligura</span> <span class='ocrx_word' id='word_1_83' title='bbox 604 1357 822 1435; x_wconf 76' lang='lat' dir='ltr'>principiorum:</span> 
     </span>
     <span class='ocr_line' id='line_1_15' title="bbox 218 1439 970 1519; baseline -0.003 -20"><span class='ocrx_word' id='word_1_84' title='bbox 218 1458 275 1500; x_wconf 92' lang='lat' dir='ltr'>uon</span> <span class='ocrx_word' id='word_1_85' title='bbox 288 1458 344 1518; x_wconf 91' lang='lat' dir='ltr'>quo</span> <span class='ocrx_word' id='word_1_86' title='bbox 357 1440 443 1500; x_wconf 89' lang='lat' dir='ltr'>multa</span> <span class='ocrx_word' id='word_1_87' title='bbox 453 1458 550 1519; x_wconf 90' lang='lat' dir='ltr'>parum</span> <span class='ocrx_word' id='word_1_88' title='bbox 562 1439 644 1500; x_wconf 90' lang='lat' dir='ltr'>simili</span> <span class='ocrx_word' id='word_1_89' title='bbox 656 1442 711 1501; x_wconf 89' lang='lat' dir='ltr'>sint</span> <span class='ocrx_word' id='word_1_90' title='bbox 726 1439 852 1519; x_wconf 82' lang='lat' dir='ltr'>praedita</span> <span class='ocrx_word' id='word_1_91' title='bbox 864 1439 970 1516; x_wconf 89' lang='lat' dir='ltr'>iorma,</span> 
     </span>
     <span class='ocr_line' id='line_1_16' title="bbox 219 1522 1013 1603; baseline -0.003 -19"><span class='ocrx_word' id='word_1_92' title='bbox 219 1523 271 1584; x_wconf 90' lang='lat' dir='ltr'>sed</span> <span class='ocrx_word' id='word_1_93' title='bbox 287 1526 351 1603; x_wconf 89' lang='lat' dir='ltr'>quia</span> <span class='ocrx_word' id='word_1_94' title='bbox 363 1541 419 1583; x_wconf 92' lang='lat' dir='ltr'>uon</span> <span class='ocrx_word' id='word_1_95' title='bbox 430 1522 519 1601; x_wconf 88' lang='lat' dir='ltr'>volgo</span> <span class='ocrx_word' id='word_1_96' title='bbox 531 1525 608 1602; x_wconf 80' lang='lat' dir='ltr'>paria</span> <span class='ocrx_word' id='word_1_97' title='bbox 620 1525 750 1585; x_wconf 89' lang='lat' dir='ltr'>omnibus</span> <span class='ocrx_word' id='word_1_98' title='bbox 762 1525 854 1584; x_wconf 90' lang='lat' dir='ltr'>omnia</span> <span class='ocrx_word' id='word_1_99' title='bbox 865 1531 1013 1583; x_wconf 83' lang='lat' dir='ltr'>constent:</span> 
     </span>
    </p>

    <p class='ocr_par' dir='ltr' id='par_1_5' title="bbox 155 1606 936 2020">
     <span class='ocr_line' id='line_1_17' title="bbox 155 1606 930 1685; baseline -0.006 -15"><span class='ocrx_word' id='word_1_100' title='bbox 155 1609 326 1670; x_wconf 76' lang='grc'><strong>7151111111</strong></span> <span class='ocrx_word' id='word_1_101' title='bbox 341 1625 405 1667; x_wconf 90' lang='lat' dir='ltr'>cum</span> <span class='ocrx_word' id='word_1_102' title='bbox 416 1623 502 1685; x_wconf 91' lang='lat' dir='ltr'>porro</span> <span class='ocrx_word' id='word_1_103' title='bbox 517 1607 638 1683; x_wconf 90' lang='lat' dir='ltr'>distent,</span> <span class='ocrx_word' id='word_1_104' title='bbox 652 1606 766 1667; x_wconf 80' lang='lat' dir='ltr'>differre</span> <span class='ocrx_word' id='word_1_105' title='bbox 778 1614 930 1668; x_wconf 88' lang='lat' dir='ltr'>necessust</span> 
     </span>
     <span class='ocr_line' id='line_1_18' title="bbox 218 1688 919 1769; baseline 0 -19"><span class='ocrx_word' id='word_1_106' title='bbox 218 1688 382 1768; x_wconf 88' lang='lat' dir='ltr'>intervalla,</span> <span class='ocrx_word' id='word_1_107' title='bbox 394 1693 472 1767; x_wconf 87' lang='lat' dir='ltr'>vias,</span> <span class='ocrx_word' id='word_1_108' title='bbox 487 1708 632 1768; x_wconf 80' lang='lat' dir='ltr'>conexus,</span> <span class='ocrx_word' id='word_1_109' title='bbox 647 1691 789 1769; x_wconf 89' lang='lat' dir='ltr'>pondera,</span> <span class='ocrx_word' id='word_1_110' title='bbox 802 1688 919 1768; x_wconf 89' lang='lat' dir='ltr'>plagas,</span> 
     </span>
     <span class='ocr_line' id='line_1_19' title="bbox 219 1771 913 1852; baseline -0.004 -16"><span class='ocrx_word' id='word_1_111' title='bbox 219 1792 393 1851; x_wconf 88' lang='lat' dir='ltr'>concursus,</span> <span class='ocrx_word' id='word_1_112' title='bbox 406 1783 515 1844; x_wconf 87' lang='lat' dir='ltr'>motus;</span> <span class='ocrx_word' id='word_1_113' title='bbox 530 1793 603 1852; x_wconf 87' lang='lat' dir='ltr'>quae</span> <span class='ocrx_word' id='word_1_114' title='bbox 615 1792 671 1834; x_wconf 92' lang='lat' dir='ltr'>uon</span> <span class='ocrx_word' id='word_1_115' title='bbox 683 1774 809 1834; x_wconf 90' lang='lat' dir='ltr'>animalia</span> <span class='ocrx_word' id='word_1_116' title='bbox 820 1771 913 1833; x_wconf 89' lang='lat' dir='ltr'>solum</span> 
     </span>
     <span class='ocr_line' id='line_1_20' title="bbox 219 1857 934 1936; baseline -0.001 -18"><span class='ocrx_word' id='word_1_117' title='bbox 219 1875 341 1936; x_wconf 88' lang='lat' dir='ltr'>corpora</span> <span class='ocrx_word' id='word_1_118' title='bbox 355 1860 524 1935; x_wconf 89' lang='lat' dir='ltr'>seiungunt,</span> <span class='ocrx_word' id='word_1_119' title='bbox 540 1857 592 1919; x_wconf 89' lang='lat' dir='ltr'>sed</span> <span class='ocrx_word' id='word_1_120' title='bbox 604 1869 695 1919; x_wconf 88' lang='lat' dir='ltr'>terras</span> <span class='ocrx_word' id='word_1_121' title='bbox 707 1876 740 1918; x_wconf 90' lang='grc'>11</span> <span class='ocrx_word' id='word_1_122' title='bbox 754 1876 830 1918; x_wconf 90' lang='lat' dir='ltr'>mare</span> <span class='ocrx_word' id='word_1_123' title='bbox 845 1866 934 1917; x_wconf 91' lang='lat' dir='ltr'>totum</span> 
     </span>
     <span class='ocr_line' id='line_1_21' title="bbox 217 1941 936 2020; baseline -0.003 -18"><span class='ocrx_word' id='word_1_124' title='bbox 217 1950 371 2002; x_wconf 91' lang='lat' dir='ltr'>secernunt</span> <span class='ocrx_word' id='word_1_125' title='bbox 383 1941 550 2020; x_wconf 87' lang='lat' dir='ltr'>caelumque</span> <span class='ocrx_word' id='word_1_126' title='bbox 565 1944 676 2003; x_wconf 90' lang='lat' dir='ltr'>aterris</span> <span class='ocrx_word' id='word_1_127' title='bbox 688 1960 771 2002; x_wconf 89' lang='lat' dir='ltr'>omne</span> <span class='ocrx_word' id='word_1_128' title='bbox 786 1951 936 2003; x_wconf 85' lang='lat' dir='ltr'>retentant.</span> 
     </span>
    </p>

    <p class='ocr_par' dir='ltr' id='par_1_6' title="bbox 154 2022 1000 2440">
     <span class='ocr_line' id='line_1_22' title="bbox 154 2022 1000 2105; baseline -0.001 -17"><span class='ocrx_word' id='word_1_129' title='bbox 154 2033 205 2088; x_wconf 80' lang='lat' dir='ltr'>too</span> <span class='ocrx_word' id='word_1_130' title='bbox 257 2023 339 2087; x_wconf 90' lang='lat' dir='ltr'>Nunc</span> <span class='ocrx_word' id='word_1_131' title='bbox 352 2043 407 2103; x_wconf 89' lang='lat' dir='ltr'>age</span> <span class='ocrx_word' id='word_1_132' title='bbox 419 2026 494 2087; x_wconf 90' lang='lat' dir='ltr'>dicta</span> <span class='ocrx_word' id='word_1_133' title='bbox 505 2045 570 2087; x_wconf 89' lang='lat' dir='ltr'>meo</span> <span class='ocrx_word' id='word_1_134' title='bbox 582 2024 658 2088; x_wconf 90' lang='lat' dir='ltr'>dulci</span> <span class='ocrx_word' id='word_1_135' title='bbox 671 2028 799 2105; x_wconf 88' lang='lat' dir='ltr'>quaesita</span> <span class='ocrx_word' id='word_1_136' title='bbox 810 2024 909 2087; x_wconf 87' lang='lat' dir='ltr'>labore</span> <span class='ocrx_word' id='word_1_137' title='bbox 990 2022 1000 2037; x_wconf 88' lang='lat'>&#39;</span> 
     </span>
     <span class='ocr_line' id='line_1_23' title="bbox 216 2109 884 2189; baseline 0.001 -20"><span class='ocrx_word' id='word_1_138' title='bbox 216 2112 353 2189; x_wconf 86' lang='lat' dir='ltr'>percipe,</span> <span class='ocrx_word' id='word_1_139' title='bbox 365 2128 401 2170; x_wconf 93' lang='lat' dir='ltr'>ne</span> <span class='ocrx_word' id='word_1_140' title='bbox 415 2109 489 2170; x_wconf 89' lang='lat' dir='ltr'>iorte</span> <span class='ocrx_word' id='word_1_141' title='bbox 501 2110 574 2172; x_wconf 88' lang='lat' dir='ltr'>haec</span> <span class='ocrx_word' id='word_1_142' title='bbox 585 2110 658 2172; x_wconf 93' lang='lat' dir='ltr'>albis</span> <span class='ocrx_word' id='word_1_143' title='bbox 672 2129 709 2171; x_wconf 82' lang='lat' dir='ltr'>en</span> <span class='ocrx_word' id='word_1_144' title='bbox 720 2109 784 2171; x_wconf 90' lang='lat' dir='ltr'>alba</span> <span class='ocrx_word' id='word_1_145' title='bbox 796 2111 884 2170; x_wconf 87' lang='lat' dir='ltr'>rearis</span> 
     </span>
     <span class='ocr_line' id='line_1_24' title="bbox 216 2193 993 2273; baseline 0.003 -21"><span class='ocrx_word' id='word_1_146' title='bbox 216 2195 362 2272; x_wconf 87' lang='lat' dir='ltr'>principiis</span> <span class='ocrx_word' id='word_1_147' title='bbox 376 2213 459 2272; x_wconf 89' lang='lat' dir='ltr'>esse,</span> <span class='ocrx_word' id='word_1_148' title='bbox 472 2204 536 2255; x_wconf 92' lang='lat' dir='ltr'>ante</span> <span class='ocrx_word' id='word_1_149' title='bbox 552 2193 653 2255; x_wconf 89' lang='lat' dir='ltr'>oculos</span> <span class='ocrx_word' id='word_1_150' title='bbox 665 2213 738 2273; x_wconf 88' lang='lat' dir='ltr'>quae</span> <span class='ocrx_word' id='word_1_151' title='bbox 752 2193 868 2255; x_wconf 90' lang='lat' dir='ltr'>candida</span> <span class='ocrx_word' id='word_1_152' title='bbox 879 2194 993 2272; x_wconf 88' lang='lat' dir='ltr'>cernis,</span> 
     </span>
     <span class='ocr_line' id='line_1_25' title="bbox 216 2277 866 2355; baseline 0.003 -19"><span class='ocrx_word' id='word_1_153' title='bbox 216 2286 262 2336; x_wconf 94' lang='lat' dir='ltr'>aut</span> <span class='ocrx_word' id='word_1_154' title='bbox 275 2296 309 2337; x_wconf 93' lang='grc'>11</span> <span class='ocrx_word' id='word_1_155' title='bbox 321 2295 393 2355; x_wconf 90' lang='lat' dir='ltr'>quae</span> <span class='ocrx_word' id='word_1_156' title='bbox 405 2279 515 2354; x_wconf 81' lang='lat' dir='ltr'>nigrant</span> <span class='ocrx_word' id='word_1_157' title='bbox 526 2279 607 2354; x_wconf 88' lang='lat' dir='ltr'>nigro</span> <span class='ocrx_word' id='word_1_158' title='bbox 620 2277 655 2337; x_wconf 90' lang='lat' dir='ltr'>de</span> <span class='ocrx_word' id='word_1_159' title='bbox 668 2279 775 2338; x_wconf 90' lang='lat' dir='ltr'>semine</span> <span class='ocrx_word' id='word_1_160' title='bbox 787 2287 866 2346; x_wconf 90' lang='lat' dir='ltr'>nata;</span> 
     </span>
     <span class='ocr_line' id='line_1_26' title="bbox 214 2359 918 2440; baseline 0.003 -22"><span class='ocrx_word' id='word_1_161' title='bbox 214 2363 280 2419; x_wconf 88' lang='lat' dir='ltr'>nive</span> <span class='ocrx_word' id='word_1_162' title='bbox 292 2359 375 2419; x_wconf 92' lang='lat' dir='ltr'>alium</span> <span class='ocrx_word' id='word_1_163' title='bbox 386 2363 533 2438; x_wconf 82' lang='lat' dir='ltr'>quemvis,</span> <span class='ocrx_word' id='word_1_164' title='bbox 547 2378 604 2440; x_wconf 89' lang='lat' dir='ltr'>quo</span> <span class='ocrx_word' id='word_1_165' title='bbox 619 2371 683 2421; x_wconf 90' lang='lat' dir='ltr'>sunt</span> <span class='ocrx_word' id='word_1_166' title='bbox 695 2361 790 2422; x_wconf 91' lang='lat' dir='ltr'>inbuta</span> <span class='ocrx_word' id='word_1_167' title='bbox 803 2359 918 2437; x_wconf 90' lang='lat' dir='ltr'>colore,</span> 
     </span>
    </p>

    <p class='ocr_par' dir='ltr' id='par_1_7' title="bbox 152 2443 1037 2858">
     <span class='ocr_line' id='line_1_27' title="bbox 152 2443 933 2524; baseline -0.006 -18"><span class='ocrx_word' id='word_1_168' title='bbox 152 2451 203 2506; x_wconf 81' lang='lat'>735</span> <span class='ocrx_word' id='word_1_169' title='bbox 215 2453 368 2524; x_wconf 89' lang='lat' dir='ltr'>propterea</span> <span class='ocrx_word' id='word_1_170' title='bbox 380 2461 484 2521; x_wconf 81' lang='lat' dir='ltr'>gerere</span> <span class='ocrx_word' id='word_1_171' title='bbox 498 2443 573 2504; x_wconf 92' lang='lat' dir='ltr'>huuc</span> <span class='ocrx_word' id='word_1_172' title='bbox 587 2445 704 2523; x_wconf 88' lang='lat' dir='ltr'>credas,</span> <span class='ocrx_word' id='word_1_173' title='bbox 719 2444 796 2524; x_wconf 91' lang='lat' dir='ltr'>quod</span> <span class='ocrx_word' id='word_1_174' title='bbox 808 2444 933 2503; x_wconf 88' lang='lat' dir='ltr'>materiai</span> 
     </span>
     <span class='ocr_line' id='line_1_28' title="bbox 215 2526 855 2605; baseline 0 -17"><span class='ocrx_word' id='word_1_175' title='bbox 215 2543 337 2605; x_wconf 88' lang='lat' dir='ltr'>corpora</span> <span class='ocrx_word' id='word_1_176' title='bbox 348 2526 487 2588; x_wconf 90' lang='lat' dir='ltr'>consimili</span> <span class='ocrx_word' id='word_1_177' title='bbox 498 2529 554 2589; x_wconf 91' lang='lat' dir='ltr'>sint</span> <span class='ocrx_word' id='word_1_178' title='bbox 568 2530 629 2589; x_wconf 88' lang='lat' dir='ltr'>eius</span> <span class='ocrx_word' id='word_1_179' title='bbox 641 2531 728 2589; x_wconf 89' lang='lat' dir='ltr'>tincta</span> <span class='ocrx_word' id='word_1_180' title='bbox 742 2527 855 2589; x_wconf 88' lang='lat' dir='ltr'>colore:</span> 
     </span>
     <span class='ocr_line' id='line_1_29' title="bbox 213 2609 802 2674; baseline 0 -3"><span class='ocrx_word' id='word_1_181' title='bbox 213 2609 308 2671; x_wconf 90' lang='lat' dir='ltr'>nullus</span> <span class='ocrx_word' id='word_1_182' title='bbox 320 2612 394 2670; x_wconf 91' lang='lat' dir='ltr'>enirn</span> <span class='ocrx_word' id='word_1_183' title='bbox 406 2610 488 2671; x_wconf 88' lang='lat' dir='ltr'>color</span> <span class='ocrx_word' id='word_1_184' title='bbox 498 2623 542 2674; x_wconf 92' lang='lat' dir='ltr'>est</span> <span class='ocrx_word' id='word_1_185' title='bbox 554 2615 666 2673; x_wconf 90' lang='lat' dir='ltr'>omuino</span> <span class='ocrx_word' id='word_1_186' title='bbox 676 2613 802 2672; x_wconf 88' lang='lat' dir='ltr'>materiai</span> 
     </span>
     <span class='ocr_line' id='line_1_30' title="bbox 215 2694 1037 2777; baseline 0.002 -21"><span class='ocrx_word' id='word_1_187' title='bbox 215 2695 401 2774; x_wconf 83' lang='lat' dir='ltr'>corporibus,</span> <span class='ocrx_word' id='word_1_188' title='bbox 414 2714 508 2775; x_wconf 85' lang='lat' dir='ltr'>neque</span> <span class='ocrx_word' id='word_1_189' title='bbox 521 2715 571 2776; x_wconf 89' lang='lat' dir='ltr'>par</span> <span class='ocrx_word' id='word_1_190' title='bbox 582 2698 670 2758; x_wconf 89' lang='lat' dir='ltr'>rebus</span> <span class='ocrx_word' id='word_1_191' title='bbox 682 2715 775 2775; x_wconf 87' lang='lat' dir='ltr'>neque</span> <span class='ocrx_word' id='word_1_192' title='bbox 790 2694 911 2776; x_wconf 85' lang='lat' dir='ltr'>denique</span> <span class='ocrx_word' id='word_1_193' title='bbox 928 2697 1037 2777; x_wconf 79' lang='lat' dir='ltr'>dispar.</span> 
     </span>
     <span class='ocr_line' id='line_1_31' title="bbox 212 2780 880 2858; baseline 0.003 -20"><span class='ocrx_word' id='word_1_194' title='bbox 212 2781 241 2840; x_wconf 93' lang='lat' dir='ltr'>iu</span> <span class='ocrx_word' id='word_1_195' title='bbox 253 2798 324 2858; x_wconf 87' lang='lat' dir='ltr'>quae</span> <span class='ocrx_word' id='word_1_196' title='bbox 339 2797 460 2858; x_wconf 90' lang='lat' dir='ltr'>corpora</span> <span class='ocrx_word' id='word_1_197' title='bbox 475 2783 499 2841; x_wconf 93' lang='lat' dir='ltr'>si</span> <span class='ocrx_word' id='word_1_198' title='bbox 510 2780 604 2842; x_wconf 89' lang='lat' dir='ltr'>nullus</span> <span class='ocrx_word' id='word_1_199' title='bbox 615 2781 665 2842; x_wconf 92' lang='lat' dir='ltr'>tibi</span> <span class='ocrx_word' id='word_1_200' title='bbox 677 2780 752 2842; x_wconf 85' lang='lat' dir='ltr'>forte</span> <span class='ocrx_word' id='word_1_201' title='bbox 767 2780 880 2841; x_wconf 88' lang='lat' dir='ltr'>videtur</span> 
     </span>
    </p>

    <p class='ocr_par' dir='ltr' id='par_1_8' title="bbox 150 2864 966 3263">
     <span class='ocr_line' id='line_1_32' title="bbox 150 2864 931 2946; baseline 0.001 -22"><span class='ocrx_word' id='word_1_202' title='bbox 150 2870 201 2924; x_wconf 80' lang='grc'>710</span> <span class='ocrx_word' id='word_1_203' title='bbox 214 2881 302 2942; x_wconf 90' lang='lat' dir='ltr'>posse</span> <span class='ocrx_word' id='word_1_204' title='bbox 316 2865 398 2924; x_wconf 89' lang='lat' dir='ltr'>animi</span> <span class='ocrx_word' id='word_1_205' title='bbox 412 2866 534 2927; x_wconf 90' lang='lat' dir='ltr'>iniectus</span> <span class='ocrx_word' id='word_1_206' title='bbox 547 2866 608 2926; x_wconf 89' lang='lat' dir='ltr'>lieri</span> <span class='ocrx_word' id='word_1_207' title='bbox 616 2912 624 2944; x_wconf 86' lang='lat'>,</span> <span class='ocrx_word' id='word_1_208' title='bbox 638 2864 739 2946; x_wconf 90' lang='lat' dir='ltr'>procul</span> <span class='ocrx_word' id='word_1_209' title='bbox 752 2867 831 2926; x_wconf 88' lang='lat' dir='ltr'>avius</span> <span class='ocrx_word' id='word_1_210' title='bbox 844 2883 931 2926; x_wconf 88' lang='lat' dir='ltr'>erras.</span> 
     </span>
     <span class='ocr_line' id='line_1_33' title="bbox 211 2949 944 3028; baseline 0.001 -21"><span class='ocrx_word' id='word_1_211' title='bbox 211 2966 273 3007; x_wconf 90' lang='lat' dir='ltr'>nam</span> <span class='ocrx_word' id='word_1_212' title='bbox 286 2966 349 3007; x_wconf 91' lang='lat' dir='ltr'>cum</span> <span class='ocrx_word' id='word_1_213' title='bbox 362 2951 525 3027; x_wconf 87' lang='lat' dir='ltr'>caecigeni,</span> <span class='ocrx_word' id='word_1_214' title='bbox 537 2949 608 3011; x_wconf 90' lang='lat' dir='ltr'>solis</span> <span class='ocrx_word' id='word_1_215' title='bbox 620 2953 667 3028; x_wconf 90' lang='lat' dir='ltr'>qui</span> <span class='ocrx_word' id='word_1_216' title='bbox 682 2949 784 3009; x_wconf 91' lang='lat' dir='ltr'>lumina</span> <span class='ocrx_word' id='word_1_217' title='bbox 796 2967 944 3028; x_wconf 87' lang='lat' dir='ltr'>numquam</span> 
     </span>
     <span class='ocr_line' id='line_1_34' title="bbox 211 3030 923 3113; baseline 0.001 -23"><span class='ocrx_word' id='word_1_218' title='bbox 211 3030 382 3110; x_wconf 76' lang='lat' dir='ltr'>dispersere,</span> <span class='ocrx_word' id='word_1_219' title='bbox 402 3043 494 3094; x_wconf 92' lang='lat' dir='ltr'>tamen</span> <span class='ocrx_word' id='word_1_220' title='bbox 506 3043 682 3112; x_wconf 89' lang='lat' dir='ltr'>cognoscant</span> <span class='ocrx_word' id='word_1_221' title='bbox 696 3051 817 3113; x_wconf 88' lang='lat' dir='ltr'>corpora</span> <span class='ocrx_word' id='word_1_222' title='bbox 829 3042 923 3112; x_wconf 90' lang='lat' dir='ltr'>tactu,</span> 
     </span>
     <span class='ocr_line' id='line_1_35' title="bbox 210 3114 966 3198; baseline 0.007 -22"><span class='ocrx_word' id='word_1_223' title='bbox 210 3117 286 3176; x_wconf 90' lang='lat' dir='ltr'>scire</span> <span class='ocrx_word' id='word_1_224' title='bbox 302 3114 370 3176; x_wconf 87' lang='lat' dir='ltr'>licet</span> <span class='ocrx_word' id='word_1_225' title='bbox 383 3127 497 3178; x_wconf 88' lang='lat' dir='ltr'>nostrae</span> <span class='ocrx_word' id='word_1_226' title='bbox 513 3136 628 3198; x_wconf 87' lang='lat' dir='ltr'>quoque</span> <span class='ocrx_word' id='word_1_227' title='bbox 641 3119 727 3178; x_wconf 90' lang='lat' dir='ltr'>menti</span> <span class='ocrx_word' id='word_1_228' title='bbox 741 3133 861 3194; x_wconf 90' lang='lat' dir='ltr'>corpora</span> <span class='ocrx_word' id='word_1_229' title='bbox 875 3133 966 3196; x_wconf 85' lang='lat' dir='ltr'>posse</span> 
     </span>
     <span class='ocr_line' id='line_1_36' title="bbox 210 3200 817 3263; baseline 0.002 -5"><span class='ocrx_word' id='word_1_230' title='bbox 210 3201 283 3258; x_wconf 88' lang='lat' dir='ltr'>vorti</span> <span class='ocrx_word' id='word_1_231' title='bbox 297 3202 324 3259; x_wconf 92' lang='lat' dir='ltr'>in</span> <span class='ocrx_word' id='word_1_232' title='bbox 336 3203 461 3261; x_wconf 88' lang='lat' dir='ltr'>notitiam</span> <span class='ocrx_word' id='word_1_233' title='bbox 473 3200 551 3263; x_wconf 91' lang='lat' dir='ltr'>nullo</span> <span class='ocrx_word' id='word_1_234' title='bbox 564 3200 729 3262; x_wconf 90' lang='lat' dir='ltr'>circumlita</span> <span class='ocrx_word' id='word_1_235' title='bbox 740 3200 817 3261; x_wconf 88' lang='lat' dir='ltr'>luco.</span> 
     </span>
    </p>

    <p class='ocr_par' dir='ltr' id='par_1_9' title="bbox 146 3283 922 3534">
     <span class='ocr_line' id='line_1_37' title="bbox 146 3283 922 3365; baseline 0.006 -21"><span class='ocrx_word' id='word_1_236' title='bbox 146 3289 196 3345; x_wconf 77' lang='grc'>115</span> <span class='ocrx_word' id='word_1_237' title='bbox 209 3283 331 3363; x_wconf 87' lang='lat' dir='ltr'>denique</span> <span class='ocrx_word' id='word_1_238' title='bbox 342 3303 396 3346; x_wconf 92' lang='lat' dir='ltr'>uos</span> <span class='ocrx_word' id='word_1_239' title='bbox 408 3287 462 3364; x_wconf 89' lang='lat' dir='ltr'>ipsi</span> <span class='ocrx_word' id='word_1_240' title='bbox 479 3288 574 3347; x_wconf 90' lang='lat' dir='ltr'>caecis</span> <span class='ocrx_word' id='word_1_241' title='bbox 586 3303 782 3365; x_wconf 89' lang='lat' dir='ltr'>quaecumque</span> <span class='ocrx_word' id='word_1_242' title='bbox 794 3288 922 3349; x_wconf 90' lang='lat' dir='ltr'>tenebris</span> 
     </span>
     <span class='ocr_line' id='line_1_38' title="bbox 208 3368 901 3447; baseline 0.009 -21"><span class='ocrx_word' id='word_1_243' title='bbox 208 3370 366 3447; x_wconf 89' lang='lat' dir='ltr'>tangimus,</span> <span class='ocrx_word' id='word_1_244' title='bbox 382 3369 456 3429; x_wconf 91' lang='lat' dir='ltr'>haud</span> <span class='ocrx_word' id='word_1_245' title='bbox 469 3369 528 3430; x_wconf 91' lang='lat' dir='ltr'>ullo</span> <span class='ocrx_word' id='word_1_246' title='bbox 542 3372 679 3432; x_wconf 86' lang='lat' dir='ltr'>sentimus</span> <span class='ocrx_word' id='word_1_247' title='bbox 693 3371 780 3432; x_wconf 88' lang='lat' dir='ltr'>tincta</span> <span class='ocrx_word' id='word_1_248' title='bbox 792 3368 901 3432; x_wconf 89' lang='lat' dir='ltr'>colore.</span> 
     </span>
     <span class='ocr_line' id='line_1_39' title="bbox 211 3452 915 3534; baseline 0.006 -22"><span class='ocrx_word' id='word_1_249' title='bbox 211 3452 287 3531; x_wconf 86' lang='lat' dir='ltr'>quod</span> <span class='ocrx_word' id='word_1_250' title='bbox 303 3456 434 3532; x_wconf 90' lang='lat' dir='ltr'>quoniam</span> <span class='ocrx_word' id='word_1_251' title='bbox 444 3455 528 3515; x_wconf 86' lang='lat' dir='ltr'>vinco</span> <span class='ocrx_word' id='word_1_252' title='bbox 542 3456 620 3534; x_wconf 87' lang='lat' dir='ltr'>fieri,</span> <span class='ocrx_word' id='word_1_253' title='bbox 633 3473 787 3518; x_wconf 89' lang='grc'><strong>11111111</strong></span> <span class='ocrx_word' id='word_1_254' title='bbox 802 3456 915 3517; x_wconf 88' lang='lat' dir='ltr'>docebo</span> 
     </span>
    </p>
   </div>
   <div class='ocr_carea' id='block_1_3' title="bbox 0 0 1174 3854">
    <p class='ocr_par' dir='ltr' id='par_1_10' title="bbox 0 0 1174 3854">
     <span class='ocr_line' id='line_1_40' title="bbox 0 0 1174 3854; baseline 0 3"><span class='ocrx_word' id='word_1_255' title='bbox 0 0 1174 3854; x_wconf 95' lang='lat' dir='ltr'> </span> 
     </span>
    </p>
   </div>
  </div>
 </body>
</html>
