2340 3854
139 166 181 230 94
616 162 656 223 lV

176 344 211 398 90
226 353 263 395 ex
274 331 332 393 alto
344 333 408 410 quia
419 331 484 392 dnm
495 332 628 408 veniunt,
641 331 813 392 extrinsecn’
825 340 900 392 torte

225 418 391 478 scinduntur
401 432 454 495 per
464 416 519 474 iter
530 413 650 491 texum,
663 433 718 475 nec
729 423 808 475 recta
819 416 925 474 viarum

226 502 297 561 ostia
310 509 391 576 sunt,
405 516 461 577 qua
473 497 643 559 contendant
653 499 733 558 exire
745 507 852 560 coorta.

225 594 252 644 at
264 592 363 643 contra
373 583 466 642 tenuis
478 583 577 642 summi
587 580 747 641 membrana
760 579 865 643 coloris

225 685 288 727 cum
301 667 417 743 iacitur,
430 664 468 724 nil
479 674 526 725 est
538 666 614 744 qnod
625 681 686 725 eam
697 663 864 743 discerpere
876 666 986 746 possit,

177 760 211 814 95
224 753 252 810 in
265 759 396 829 promptu
408 750 538 828 qnoniam
550 759 595 810 est
606 751 634 808 iu
645 749 733 826 prima
744 747 838 809 fronte
849 747 953 811 locata.

226 843 371 914 postremo
382 831 511 912 speculis
521 833 549 892 iu
560 850 632 911 aqua
643 831 856 911 splendoreque
866 835 895 894 in
906 834 981 895 omni

226 934 421 997 quaecumque
432 925 569 994 apparent
580 915 663 976 nobis
673 914 839 993 simulacra,
851 925 1024 994 necessest,

225 998 451 1079 quandoquidem
461 998 544 1059 simili
556 999 656 1078 specie
668 1009 733 1060 sunt
744 1000 871 1078 praedita
880 1019 992 1079 rernm,

225 1085 326 1145 excito
337 1083 504 1161 imaginihus
514 1083 608 1144 missis
620 1085 778 1144 consistere
789 1101 898 1146 rernm:

163 1180 213 1231 100
227 1169 302 1247 [nam
314 1185 364 1228 cur
375 1166 423 1226 illa
436 1165 534 1227 cadant
545 1167 635 1244 magis
647 1167 681 1226 ah
693 1167 839 1246 rebusque
850 1167 986 1230 recedant

225 1271 307 1332 quam
319 1269 391 1331 quae
403 1252 497 1311 tenvia
510 1260 574 1312 sunt
586 1249 742 1312 hiscendist
753 1249 830 1311 nulla
841 1253 982 1333 potestas]

225 1345 289 1397 sunt
300 1337 385 1413 igitur
397 1344 497 1395 tenues
511 1334 662 1395 formarum
671 1333 728 1396 illis
741 1335 907 1415 similesque

225 1420 355 1498 effigiae,
368 1417 530 1496 singillatim
542 1437 611 1498 quas
624 1437 744 1479 cernere
755 1435 838 1479 nemo

226 1521 289 1564 cum
306 1504 398 1582 possit
409 1512 519 1579 tamen,
532 1501 650 1563 adsiduo
662 1503 823 1582 crebroque
834 1502 952 1584 repulsu

162 1599 212 1649 105
223 1589 349 1647 reiectae
360 1585 479 1646 reddunt
491 1586 674 1664 speculorum
686 1604 723 1646 ex
734 1604 860 1666 aequore
871 1588 979 1668 nsum,

225 1690 279 1731 nec
291 1673 399 1730 ratione
411 1669 465 1729 alia
475 1671 582 1730 servari
594 1687 683 1750 posse
699 1670 847 1749 videntur,

224 1764 301 1815 tanto
314 1772 404 1831 opere
414 1763 444 1813 nt
455 1753 562 1814 similes
575 1753 728 1814 reddantur
738 1757 841 1834 cuique
852 1755 970 1833 figurae.

266 1837 347 1897 Nunc
359 1856 430 1915 age,
444 1855 526 1915 quam
536 1839 614 1897 tenni
626 1847 722 1897 natura
734 1847 846 1899 constet
858 1840 951 1917 imago

225 1925 354 2001 percipe.
368 1931 396 1982 et
408 1923 436 1980 in
447 1922 562 2000 primis,
576 1923 707 2000 quoniam
718 1922 870 2001 primordia
880 1933 984 1984 tantum

164 2019 214 2069 110
224 2016 289 2068 sunt
300 2005 371 2067 inira
381 2014 495 2067 nostros
507 2024 610 2067 sensus
621 2014 756 2084 tantoque
767 2008 874 2068 minora

224 2109 306 2170 quam
318 2109 390 2170 quae
403 2092 521 2170 primum
533 2090 608 2150 oculi
621 2099 754 2170 coeptant
767 2108 823 2150 non
833 2108 922 2169 posse
933 2092 1023 2170 tueri,

224 2194 298 2235 nunc
310 2185 402 2235 tamen
413 2174 442 2234 id
457 2192 571 2254 qnoque
582 2177 622 2235 uti
635 2174 815 2253 confirmem,
831 2174 949 2236 exordia
957 2193 1054 2237 rerum

226 2269 389 2319 cunctarum
401 2276 482 2337 quam
494 2259 549 2319 sint
562 2258 676 2337 suptilia
688 2260 809 2338 percipe
819 2260 927 2339 paucis.

224 2344 342 2421 primum
353 2340 478 2402 animalia
489 2352 553 2402 sunt
564 2342 616 2400 iam
629 2344 728 2420 partim
737 2343 859 2422 tantula,
872 2360 989 2422 qnorum
1045 2414 1054 2427 ·

161 2437 211 2487 115
223 2427 304 2486 tertia
316 2443 381 2503 pars
393 2424 469 2484 nulla
482 2426 572 2503 possit
585 2427 693 2486 ratione
705 2425 804 2486 videri.

223 2509 322 2568 horum
334 2510 495 2570 intestinum
508 2508 628 2587 quodvis
640 2509 724 2588 quale
737 2529 804 2571 esse
815 2510 1010 2590 putandumst!

223 2592 289 2671 quid
302 2593 396 2654 cordis
409 2590 513 2671 globus
528 2601 574 2652 aut
587 2590 685 2653 oculi?
698 2593 765 2674 quid
775 2593 921 2656 membra?
938 2595 1006 2674 qnid
1017 2594 1120 2660 urtusl

224 2675 355 2755 quantula
366 2674 445 2736 sunt!
457 2676 524 2754 quid
536 2687 687 2756 praeterea
698 2679 849 2758 primordia
860 2697 1009 2759 quaeque,

222 2762 297 2822 unde
309 2763 398 2821 anima
409 2770 493 2839 atque
506 2763 588 2822 animi
601 2771 715 2824 constet
726 2772 822 2822 natura
831 2760 1034 2825 necessumst?

160 2855 211 2908 110
222 2863 315 2905 nonne
326 2845 408 2906 vides
421 2863 503 2924 quam
516 2846 572 2906 sint
583 2845 696 2907 subtilia
708 2865 848 2925 quamque
859 2843 983 2906 minutai

222 2939 371 3007 practerea
383 2946 579 3007 quaecumque
592 2946 645 2988 suo
657 2930 692 2988 de
707 2946 830 3007 corpore
843 2927 959 2986 odorem

223 3014 350 3091 expirant
363 3030 474 3089 acrem,
487 3027 627 3090 panaces,
640 3009 778 3071 absinthia
790 3018 896 3087 taetra,

221 3094 426 3174 habrotonique
438 3113 542 3174 graves
554 3101 583 3155 et
594 3094 683 3154 tristia
696 3101 863 3169 centaurea,

222 3195 339 3256 quorum
351 3196 435 3237 nuum
450 3177 561 3257 quidvis
576 3176 680 3238 leviter
691 3177 714 3235 si
729 3175 804 3235 iorte
818 3174 928 3236 duobus

441 3280 445 3286 “
624 3283 639 3320 ⁸

156 3426 206 3479 125
221 3416 286 3494 quin
300 3415 395 3494 potins
406 3431 510 3476 noscas
522 3433 615 3476 rerum
626 3411 774 3475 simulacra
789 3416 885 3494 vagari
