2340 3854
138 190 201 254 122
619 185 660 245 lv

221 377 289 419 esse
301 357 329 416 in
340 353 451 416 deliciis
465 370 631 432 summoque
643 355 672 413 in
682 352 792 415 lronore
803 355 914 431 rigere.

220 451 307 519 atque
318 438 390 500 alios
401 437 449 498 alii
463 437 584 497 inrident
599 436 799 516 Veneremque
811 436 931 499 1111111111

139 536 207 588 ilco
220 534 251 584 ut
261 523 395 602 placent,
410 522 540 600 quoniam
551 519 638 580 loedo
647 520 828 581 adllictentur
837 538 951 600 umore,

222 625 278 667 neo
290 623 341 667 sua
353 601 937 683 111111111111111111111111111111.

221 692 301 767 nigra
315 688 468 750 melichrus
479 697 542 764 est,
554 686 684 746 inmunda
695 695 725 747 et
735 687 823 747 fetida
833 704 982 768 acosmos,

222 774 317 834 caesia
327 771 496 848 Palladium,
509 786 632 830 neruosa
641 779 671 831 et
683 770 779 848 lignea
791 771 910 849 dorces,

221 855 356 936 parvula,
368 854 502 934 pumilio,
516 853 643 914 chariton
655 855 725 931 mia,
740 863 799 914 tota
809 872 917 915 merum
927 855 989 933 sal,

139 951 207 1004 1155
222 958 321 1017 magna
332 948 418 1018 atque
430 939 547 997 inmanis
560 935 718 1015 cataplexis
732 937 876 1017 plenaque
885 937 1012 1001 lionoris.

222 1023 306 1084 balba
317 1020 396 1100 loqui
406 1038 463 1082 non
475 1022 552 1099 quit,
564 1020 689 1098 tranlizi,
701 1030 776 1081 muta
787 1020 898 1100 pudens
909 1032 973 1085 est:

222 1116 250 1166 at
261 1106 400 1182 flagrans,
412 1104 529 1181 odiosa,
542 1102 710 1182 loquacula,
722 1103 900 1184 lampadium
910 1105 951 1167 nt

222 1190 342 1251 ischnon
357 1190 523 1250 eromenion
536 1197 596 1247 tum
608 1188 654 1264 lit,
670 1204 734 1247 curu
744 1189 844 1249 vivere
854 1206 912 1249 non
923 1190 985 1269 quit

222 1291 291 1353 prae
302 1275 408 1333 macie:
419 1271 535 1331 rhadine
543 1279 643 1331 verost
653 1272 708 1331 iam
722 1281 831 1332 mortua
842 1273 924 1334 tussi.

140 1368 209 1422 11611
222 1368 250 1418 11
260 1356 364 1417 tumida
375 1365 405 1416 et
415 1372 566 1415 mammosa
577 1352 669 1415 Ceres
683 1363 729 1415 est
740 1357 803 1434 ipsa
814 1355 849 1415 ab
860 1355 983 1435 lacclro,

223 1439 323 1502 simula
335 1438 431 1498 Silena
443 1456 477 1498 11
488 1446 626 1515 naturast,
639 1438 757 1499 labeosa
768 1437 899 1516 philenon.

225 1534 322 1584 cetera
333 1521 370 1582 de
383 1539 492 1599 genere
502 1520 559 1581 hoc
570 1520 686 1598 longum
697 1531 743 1582 est
754 1524 779 1582 si
792 1521 890 1583 dicere
902 1539 1000 1584 coner.

223 1606 277 1668 sed
289 1616 383 1666 tamen
392 1614 456 1665 esto
468 1606 521 1664 iarn
533 1607 682 1683 quantovis
693 1607 751 1665 oris
761 1604 888 1683 honore,

224 1691 269 1751 cui
280 1690 403 1750 Veneris
414 1688 547 1748 membris
558 1689 603 1749 vis
613 1689 742 1750 omnibus
753 1689 910 1750 exoriatur:

141 1785 208 1838 1165
222 1791 326 1852 nempe
341 1770 412 1831 aliae
425 1789 540 1850 qnoque
554 1783 633 1832 sunt:
649 1790 754 1851 nempe
765 1771 820 1832 hac
831 1774 893 1833 sine
903 1772 1025 1835 viximus
1035 1783 1120 1837 unte:

222 1874 326 1935 nempe
339 1854 438 1915 eadem
449 1854 533 1930 lacit,
546 1865 575 1914 11
587 1857 692 1916 scimus
708 1856 822 1933 111111,
835 1856 928 1916 omnia
939 1859 1033 1937 turpi,

224 1949 253 2002 11
264 1941 394 2000 miseram
406 1940 504 1999 taetris
518 1957 550 1998 se
562 1938 640 1999 sullit
651 1938 786 2000 odoribus
798 1940 877 2018 ipsa,

224 2043 307 2104 quom
318 2019 438 2082 famulae
451 2021 538 2099 longe
552 2022 672 2100 fugitant
683 2022 834 2101 furtimque
845 2021 1021 2084 1111111111.

224 2118 251 2168 11
261 2105 410 2168 lacrimans
422 2105 557 2166 exclusus
571 2117 677 2167 amator
686 2105 779 2166 limina
792 2124 881 2185 saepe

142 2199 209 2254 tl'lo
223 2191 339 2252 floribus
352 2198 381 2251 11
393 2192 477 2250 sertis
491 2192 584 2268 operit
597 2191 747 2268 postisque
757 2190 899 2268 superbos

223 2276 323 2352 unguit
335 2275 493 2333 amaracino
504 2282 534 2332 et
546 2272 656 2333 loribus
669 2275 757 2333 miser
768 2270 867 2333 oscula
878 2272 954 2350 igin

223 2376 306 2437 quem
319 2358 343 2417 si
357 2358 410 2414 iarn
421 2358 499 2416 iussu
510 2358 671 2416 venientem
682 2355 833 2416 offenderit
844 2373 910 2415 aura

223 2459 276 2500 una
287 2438 388 2515 modo,
402 2456 502 2498 causas
514 2438 634 2498 abeundi
649 2449 764 2518 quaerat
774 2439 926 2515 honestas,

224 2533 254 2584 et
264 2521 396 2582 meditata
406 2520 452 2580 diu
464 2521 544 2581 cadat
555 2520 611 2581 alte
622 2532 733 2600 sumpta
744 2521 887 2601 querella,

141 2615 208 2671 1175
225 2605 418 2682 stultitiaeque
429 2604 468 2663 ibi
480 2625 512 2665 se
524 2604 653 2682 damnet,
668 2607 801 2667 tribuisse
814 2605 891 2684 qnod
901 2604 942 2665 illi

222 2691 287 2770 plus
298 2688 392 2748 videat
404 2706 487 2766 quarn
496 2689 605 2749 mortali
621 2689 782 2750 concedere
796 2707 848 2768 par
862 2697 917 2749 est.

222 2793 277 2834 nec
289 2772 419 2832 Veneres
434 2782 545 2834 nostras
556 2772 613 2833 hoc
624 2772 710 2842 lallit;
726 2789 783 2851 quo
797 2773 887 2850 magis
898 2773 981 2850 ipsae

223 2857 314 2918 omnia
324 2873 432 2916 summo
443 2873 533 2934 opere
544 2856 598 2917 hos
608 2858 683 2916 ritae
694 2857 847 2936 poscaenia
858 2854 970 2933 celant,

224 2957 297 3020 quos
310 2939 434 2999 retinere
444 2938 543 2999 volunt
554 2940 763 3018 adstrictosque
774 2957 841 2999 esse
852 2940 881 2998 in
893 2955 1008 3016 amore,

142 3032 208 3087 1180
222 3023 408 3101 nequiquam,
421 3023 551 3099 quoniam
563 3032 593 3082 tu
604 3024 695 3083 animo
707 3031 799 3082 tamen
810 3024 902 3083 omnia
912 3023 1012 3100 possis

222 3103 390 3186 protrahere
400 3106 428 3163 in
439 3103 534 3165 lucem
547 3113 632 3183 atque
645 3108 734 3166 omnis
745 3107 888 3184 inquirere
898 3107 992 3184 11111,

223 3198 271 3265 11,
283 3188 308 3247 si
319 3184 397 3245 bello
408 3190 528 3248 animost
539 3198 635 3249 11111
650 3189 764 3265 odiosa,
780 3190 906 3250 vicissim

221 3269 448 3351 praetermittere
461 3280 489 3329 et
501 3270 627 3332 humanis
639 3272 801 3332 concedere
814 3272 911 3332 rebus.

263 3351 327 3412 Neo
336 3349 438 3410 mulier
447 3370 562 3431 semper
573 3356 640 3415 licto
653 3358 776 3435 suspirat
787 3373 900 3433 amore,

141 3449 206 3505 1185
223 3455 295 3518 quae
309 3431 451 3512 conplexa
461 3437 513 3494 viri
525 3453 631 3517 corpus
643 3457 706 3498 cum
718 3457 841 3517 corpore
853 3440 943 3515 iungit
