2340 3854
545 232 591 293 v1

90 403 142 460 625
153 412 208 455 una
219 404 306 456 noete
317 396 378 456 vias
394 393 525 472 quoniam
537 413 680 476 persaepe
695 394 824 456 videmus

156 480 258 539 aieeari
270 477 422 558 mollisque
435 474 487 538 luti
501 497 697 542 eonoresoere
707 488 826 541 arunas.

155 570 306 641 praeterea
318 561 403 622 docui
412 560 529 622 multum
540 581 654 642 quoque
663 561 768 624 tollere
778 565 870 625 nubes

155 662 284 706 umorem
299 662 403 723 magno
416 655 588 725 oonoeptum
601 664 639 706 ex
654 664 781 725 aequore
793 648 889 726 ponti,

156 738 186 789 et
198 730 304 809 passim
316 736 379 790 toto
390 738 528 789 terrarum
539 747 678 808 spargere
692 732 720 789 in
731 731 809 807 orbi,

93 820 146 877 636
158 831 222 874 oum
237 811 309 893 pluit
320 815 348 872 in
359 813 444 873 terris
456 822 486 872 et
497 816 575 874 venti
585 811 681 873 nubila
692 823 813 892 portant

156 906 304 975 postremo
319 897 450 976 quoniam
461 914 525 956 raro
542 915 606 957 eum
619 914 743 976 corpore
754 897 841 959 tellus

157 989 220 1058 est,
231 989 260 1041 et
274 982 469 1057 coniunctast,
483 998 548 1041 oras
559 982 642 1042 maris
658 980 781 1060 undique
794 983 930 1060 cingens,

158 1062 262 1141 debet,
275 1073 306 1123 ut
317 1065 345 1122 in
359 1081 436 1125 mare
449 1064 485 1125 de
496 1066 581 1125 terris
591 1066 669 1125 venit
681 1082 761 1124 umor
772 1068 870 1144 aquai,

155 1148 184 1207 iu
195 1157 286 1213 terras
297 1147 394 1207 itidem
406 1165 517 1208 manare
530 1167 568 1208 ex
579 1165 705 1226 aequore
721 1147 812 1209 salso:

92 1239 144 1296 665
159 1229 324 1311 percolatur
336 1232 411 1310 enim
421 1232 499 1292 virus
509 1277 518 1309 ,
530 1240 667 1310 retroque
677 1242 803 1291 remanat

155 1316 289 1376 materies
303 1316 408 1376 umoris
420 1324 450 1375 et
463 1314 498 1375 ad
511 1323 595 1394 eaput
610 1315 738 1375 amnibus
752 1316 843 1376 omnis

158 1398 292 1476 confluit,
305 1398 370 1459 imle
382 1416 471 1476 super
482 1407 572 1459 terras
583 1399 658 1459 redit
672 1400 784 1475 agmine
796 1397 872 1459 dulei

158 1500 213 1561 qua
223 1483 269 1542 ria
280 1490 361 1543 aeota
372 1481 463 1542 semel
476 1481 584 1561 liquido
597 1482 672 1562 pede
684 1480 785 1542 detulit
795 1482 894 1543 nudas.
919 1480 932 1564 ll

199 1563 282 1626 Nune
293 1567 365 1627 ratio
378 1583 451 1644 quae
463 1568 516 1644 sit,
528 1585 582 1646 per
592 1566 691 1627 laneas
703 1568 806 1627 montis
817 1576 847 1628 ut
859 1566 969 1629 Aetnae

90 1657 143 1713 640
158 1651 290 1729 expirent
302 1651 385 1728 ignes
396 1649 536 1710 interdum
548 1651 659 1711 turbine
672 1659 766 1727 tanto,

158 1733 323 1813 expediam:
335 1752 430 1813 neque
443 1735 518 1794 enim
528 1733 666 1795 mediocri
678 1733 759 1794 clade
772 1745 872 1796 eoortn

159 1818 286 1878 llammea
297 1827 455 1896 tempestas
466 1818 593 1879 Siculum
604 1818 743 1879 dominata
754 1837 807 1898 per
816 1837 902 1897 agros

158 1901 279 1962 finitimis
291 1901 326 1962 ad
338 1921 371 1963 se
386 1905 526 1963 eonvertit
537 1904 671 1980 gentibus
683 1919 749 1980 ora,

158 1985 262 2045 iumidu
274 2004 338 2046 eum
351 1986 424 2046 oaeli
436 1986 590 2048 scintillare
602 1989 693 2046 omnia
706 1984 811 2064 templa

93 2076 145 2133 645
161 2079 314 2130 tementes
328 2069 428 2148 pavida
442 2068 624 2150 complebant
635 2078 754 2148 pectora
766 2087 850 2145 nura,

159 2153 227 2233 quid
237 2152 385 2214 moliretur
397 2172 490 2214 rerum
502 2163 599 2214 natura
609 2171 753 2214 novarum.

200 2236 288 2298 llisoe
299 2238 350 2298 tibi
362 2239 390 2297 iu
401 2240 488 2299 rebus
498 2238 583 2300 latest
594 2238 709 2316 alteque
720 2235 869 2296 videndum

160 2330 189 2382 et
200 2320 288 2399 longe
302 2330 419 2383 eunetas
430 2323 458 2383 in
470 2324 557 2401 partis
569 2319 791 2398 dispiciendum,

159 2413 190 2464 ut
200 2407 392 2467 reminisoaris
408 2424 543 2467 summam
552 2425 647 2467 rerum
659 2424 725 2466 esse
738 2402 920 2484 profundam,

94 2496 147 2550 656
160 2497 191 2550 et
201 2490 300 2550 videas
312 2488 422 2550 eaelum
433 2491 549 2551 summai
561 2493 648 2553 totius
660 2508 744 2550 uuum
815 2552 816 2555 ,

160 2590 244 2650 quam
255 2575 292 2634 sit
303 2571 419 2651 parvula
433 2593 498 2653 pars
512 2583 542 2635 et
553 2594 636 2654 quam
646 2573 804 2635 multesima
817 2580 946 2648 constet,

160 2674 217 2718 neo
227 2665 287 2717 tota
299 2675 382 2736 pars,
398 2657 482 2718 bomo
496 2660 581 2719 terrai
593 2668 679 2736 quota
691 2659 777 2718 totius
788 2674 869 2716 unus.

161 2740 239 2817 quod
250 2741 325 2801 bene
339 2743 516 2820 propositum
532 2744 557 2802 oi
569 2740 652 2818 plane
665 2748 818 2800 contueare

160 2840 195 2884 ao
205 2823 303 2885 videas
315 2824 416 2904 plane,
428 2826 520 2885 mirari
531 2823 619 2885 multa
628 2823 781 2903 relinquas.

95 2913 148 2969 655
161 2910 292 2986 numquis
305 2909 380 2968 enim
390 2919 518 2969 nostrum
529 2911 659 2985 miratur,
672 2908 760 2986 siquis
773 2907 801 2964 in
811 2914 888 2964 artus

161 2993 275 3070 aeoepit
287 2990 379 3053 ealido
391 2992 493 3053 febrim
504 2991 619 3053 fervore
634 3000 760 3052 coortam

160 3073 303 3134 aulalium
315 3077 444 3155 quemvis
455 3076 546 3136 morbi
558 3094 612 3156 per
622 3074 747 3135 membra
758 3068 906 3147 dolorem?

162 3162 342 3237 opturgesoit
352 3161 426 3220 enim
437 3160 531 3220 subito
544 3178 614 3238 pes,
626 3159 724 3236 arripit
737 3174 806 3225 aoer

162 3260 250 3320 saepe
263 3241 345 3303 dolor
359 3242 476 3320 dentes,
491 3242 592 3304 oeulos
604 3241 709 3303 invadit
720 3243 748 3300 in
758 3241 856 3320 ipsos,

97 3332 150 3387 660
163 3326 258 3386 existit
268 3344 352 3388 sacer
362 3329 436 3406 ignis
449 3336 479 3388 et
489 3329 543 3387 urit
557 3343 679 3406 eorpore
690 3343 812 3406 serpens

164 3427 369 3490 quemeumque
381 3413 498 3491 arripuit
510 3412 629 3491 partim,
642 3411 774 3491 repitque
785 3416 944 3490 paramus,

163 3493 308 3574 nimimm,
322 3496 387 3574 quia
398 3506 463 3556 sunt
473 3496 621 3557 multarum
632 3496 739 3559 semina
750 3509 863 3572 rarum,
