2340 3854
552 219 593 280 lll

158 395 259 475 frigida
272 414 356 475 quem
368 394 459 457 semel
474 404 519 456 est
530 395 597 457 vitai
612 413 700 476 pansa
711 405 819 458 secuta.

198 478 329 558 Denique
342 481 366 541 si
377 497 480 541 vocem
491 498 585 539 rerum
595 489 692 540 natura
703 490 824 559 repente

89 573 144 627 930
157 566 245 626 mittat
257 573 286 624 et
296 562 353 624 hcc
364 563 448 624 alicui
460 573 586 624 nostrum
597 565 639 624 sic
651 565 781 643 increpet
792 566 871 644 ipsa,

159 639 240 725 ‘quid
251 647 301 708 tibi
313 656 390 708 tanto
403 656 537 726 operest,
551 646 695 723 mortalis,
709 647 784 724 quod
793 650 875 708 nimis
887 651 981 726 aegris

160 730 282 792 luctibus
295 726 449 808 indulges?
462 730 528 808 quid
538 739 657 790 mortem
669 733 861 808 congemisac
873 730 946 792 iles?

158 832 221 874 nam
234 816 361 892 gratisne
374 813 425 873 fuit
436 814 486 873 tibi
497 815 554 874 vita
566 823 631 874 ante
642 823 705 874 acta
716 816 866 893 priorque,

160 908 189 959 et
200 915 256 957 non
268 898 360 958 omnia
371 907 517 976 pertusum
529 907 668 976 congesta
680 901 759 976 quasi
771 900 798 958 in
810 918 860 960 vas

93 990 145 1045 935
159 981 305 1042 commoda
317 981 479 1061 perlluxere
491 991 575 1060 atque
586 984 694 1060 ingrata
704 984 853 1044 interiere:

160 1083 211 1124 cur
221 1081 277 1125 non
290 1075 318 1124 ut
331 1064 433 1145 plenus
446 1067 520 1126 vitae
536 1067 655 1126 conviva
666 1067 797 1144 recedis,
844 1062 846 1066 ’

157 1166 250 1228 aequo
260 1151 409 1230 animoque
422 1152 501 1229 capis
513 1167 662 1227 securam,
679 1150 782 1228 stulte,
801 1149 946 1228 quietem?

159 1233 203 1292 sin
214 1251 248 1293 ea
260 1251 332 1312 quae
344 1233 453 1294 fructus
467 1251 587 1311 cumque
599 1253 632 1294 es
646 1235 760 1312 periere
774 1234 906 1313 profusa,

157 1318 272 1393 vitaque
284 1320 312 1375 in
324 1317 480 1394 oliensust,
494 1335 545 1377 cur
555 1316 675 1395 amplius
687 1316 793 1377 addere
808 1319 938 1394 quaeris,

94 1408 146 1462 940
157 1417 268 1459 rursum
281 1400 356 1478 quod
368 1409 468 1479 pereat
479 1399 551 1459 male
564 1408 593 1460 et
603 1402 741 1477 ingratum
752 1400 864 1461 occidat
876 1420 976 1478 corne,

158 1501 214 1542 non
226 1485 322 1562 potius
333 1485 409 1543 vitae
424 1484 505 1543 linem
518 1482 589 1544 iacis
601 1493 685 1562 atque
697 1481 825 1545 laboris?

158 1585 220 1625 nam
234 1567 284 1627 tibi
301 1576 451 1646 praeterea
463 1568 540 1646 quod
550 1567 695 1629 machiner
705 1570 918 1647 inveniamque,

158 1651 234 1729 quod
246 1650 374 1730 placeat,
388 1651 426 1711 nil
437 1661 496 1712 est:
508 1653 608 1712 eadem
619 1662 683 1714 sunt
699 1655 790 1713 omnia
800 1671 923 1732 semper.
1013 1709 1018 1718 .

158 1736 182 1795 si
196 1735 248 1795 tibi
259 1752 315 1794 non
326 1738 405 1796 annis
417 1753 523 1814 corpus
535 1738 589 1795 iam
600 1746 707 1797 marcet
720 1747 749 1797 et
761 1746 837 1797 artus

93 1825 147 1881 945
159 1817 285 1879 coniecti
296 1819 448 1898 languent,
462 1820 561 1880 eadem
573 1829 665 1881 tamen
677 1823 768 1881 omnia
779 1830 903 1900 restant,

159 1904 249 1962 omnia
261 1905 285 1963 si
297 1921 402 1981 pergas
413 1903 535 1964 vivendo
546 1906 663 1965 vincere
676 1904 788 1982 saecla,

158 1994 243 2064 atque
255 1988 338 2046 etiam
349 1990 460 2064 potius,
474 1989 498 2046 si
509 2006 658 2065 numquam
670 1990 709 2047 sis
721 1990 872 2047 moriturus
881 1988 899 2065 ,'

59 2093 62 2097 ’
158 2068 224 2146 quid
235 2069 460 2147 respondemus,
472 2071 526 2129 nisi
537 2072 637 2129 iustam
648 2071 795 2130 intendere
812 2069 890 2131 litem

157 2160 282 2211 naturam
296 2161 325 2211 et
337 2169 432 2212 veram
443 2153 540 2212 verbis
554 2170 699 2231 exponere
713 2150 845 2213 causam?

30 2303 32 2305 .
93 2244 147 2298 950
157 2234 291 2314 grandior
302 2234 348 2295 hie
359 2253 429 2296 vero
442 2238 465 2295 si
477 2238 530 2295 iam
541 2238 694 2315 seniorque
707 2246 841 2315 queratur

157 2330 242 2399 atque
255 2319 360 2380 obitum
372 2320 541 2381 lamentetur
551 2322 638 2382 miser
649 2320 768 2400 amplius
779 2338 890 2400 aequo,

139 2461 142 2463 ,
157 2422 212 2465 non
223 2406 324 2465 merito
336 2404 468 2465 inclamet
479 2407 568 2482 magis
580 2414 609 2465 et
621 2422 696 2465 voce
706 2407 837 2484 increpet
849 2401 927 2466 acri?

158 2479 253 2547 ‘auier
263 2487 365 2549 abhinc
376 2488 522 2567 lacrimas,
536 2488 661 2567 halatrc,
682 2500 711 2550 et
723 2508 878 2569 compesce
895 2487 1051 2569 querellas..

157 2573 248 2631 omnia
261 2573 427 2649 perfunctus
438 2575 504 2633 vitai
516 2576 638 2651 praemia
648 2592 773 2635 marces:

93 2661 145 2716 955
157 2653 210 2716 sod
221 2657 285 2731 quia
296 2674 411 2734 semper
421 2674 490 2716 aves
502 2657 578 2735 quod
589 2657 688 2733 abest,
701 2659 863 2736 praesentia
877 2657 995 2732 temnis,

157 2736 316 2816 inperfecta
330 2740 379 2798 tibi
392 2738 517 2817 elapsast
530 2740 695 2817 ingrataque
706 2743 780 2816 vita,

158 2830 187 2882 et
197 2821 377 2897 necopinanti
388 2839 464 2881 mors
476 2820 510 2881 ad
523 2830 607 2900 caput
618 2822 724 2882 adstitit
735 2832 800 2882 ante

158 2922 240 2983 quam
252 2913 373 2965 saturae
386 2904 488 2984 plenus
500 2906 597 2984 possis
611 2905 763 2966 discedere
774 2922 876 2965 rerum.

157 3007 231 3049 nunc
243 2988 334 3049 aliena
346 2999 392 3049 tua
404 2999 496 3050 tamen
508 2998 601 3051 aetate
613 2991 705 3050 omnia
715 2991 811 3066 mitte,

93 3078 146 3134 960
156 3091 249 3152 aequo
261 3075 426 3152 animoque,
440 3074 580 3152 agedum,
592 3075 684 3151 gnatis
700 3075 844 3134 concede:
856 3074 1028 3134 necessest!

156 3159 233 3235 iure,
247 3165 276 3217 ut
290 3160 407 3238 opinor,
420 3167 501 3236 agat,
516 3160 577 3218 iure
589 3161 719 3236 increpet
731 3155 902 3236 inciletque:

157 3241 232 3301 cedit
249 3244 322 3302 eninr
335 3260 427 3302 rerum
439 3244 565 3302 novitate
576 3251 690 3302 extrusa
701 3249 828 3302 vetustas

156 3342 290 3403 semper,
303 3334 332 3385 et
345 3344 382 3386 ex
392 3325 454 3386 aliis
468 3325 543 3386 aliud
554 3343 687 3404 reparare
702 3335 862 3386 necessest.

156 3425 210 3467 nec
223 3410 369 3487 quisquam
379 3412 406 3469 in
419 3408 577 3470 barathrum
589 3428 644 3470 nec
656 3408 769 3470 Tartara
783 3406 894 3469 deditur
906 3419 964 3468 atra

92 3496 143 3552 965
154 3493 286 3553 materies
299 3509 372 3571 opus
384 3503 446 3571 est,
459 3502 489 3554 ut
503 3503 634 3554 crescant
646 3504 762 3573 postera
774 3492 885 3561 saecla;
