<?xml version="1.0" encoding="UTF-8"?>
<!DOCTYPE html PUBLIC "-//W3C//DTD XHTML 1.0 Transitional//EN"
    "http://www.w3.org/TR/xhtml1/DTD/xhtml1-transitional.dtd">
<html xmlns="http://www.w3.org/1999/xhtml" xml:lang="en" lang="en">
 <head>
  <title>
</title>
<meta http-equiv="Content-Type" content="text/html;charset=utf-8" />
  <meta name='ocr-system' content='tesseract 3.04.00' />
  <meta name='ocr-capabilities' content='ocr_page ocr_carea ocr_par ocr_line ocrx_word'/>
</head>
<body>
  <div class='ocr_page' id='page_1' title='image "./dererumnaturali05carugoog_0063.png"; bbox 0 0 2340 3854; ppageno 0'>
   <div class='ocr_carea' id='block_1_1' title="bbox 135 215 653 280">
    <p class='ocr_par' dir='ltr' id='par_1_1' title="bbox 135 215 653 280">
     <span class='ocr_line' id='line_1_1' title="bbox 135 215 653 280; baseline -0.008 0"><span class='ocrx_word' id='word_1_1' title='bbox 135 215 180 280; x_wconf 72' lang='grc'>48</span> <span class='ocrx_word' id='word_1_2' title='bbox 626 215 653 276; x_wconf 95' lang='lat' dir='ltr'>ll</span> 
     </span>
    </p>
   </div>
   <div class='ocr_carea' id='block_1_2' title="bbox 156 381 1047 3555">
    <p class='ocr_par' dir='ltr' id='par_1_2' title="bbox 222 381 957 464">
     <span class='ocr_line' id='line_1_2' title="bbox 222 381 957 464; baseline 0.001 -21"><span class='ocrx_word' id='word_1_3' title='bbox 222 384 347 462; x_wconf 82' lang='lat' dir='ltr'>uagitum</span> <span class='ocrx_word' id='word_1_4' title='bbox 359 382 485 444; x_wconf 74' lang='lat' dir='ltr'>increta</span> <span class='ocrx_word' id='word_1_5' title='bbox 499 381 639 464; x_wconf 84' lang='lat' dir='ltr'>quondam</span> <span class='ocrx_word' id='word_1_6' title='bbox 651 381 816 444; x_wconf 74' lang='lat' dir='ltr'><strong>occultasse</strong></span> <span class='ocrx_word' id='word_1_7' title='bbox 829 383 957 444; x_wconf 80' lang='lat' dir='ltr'>feruntur</span> 
     </span>
    </p>

    <p class='ocr_par' dir='ltr' id='par_1_3' title="bbox 156 465 931 797">
     <span class='ocr_line' id='line_1_3' title="bbox 156 465 882 546; baseline -0.007 -14"><span class='ocrx_word' id='word_1_8' title='bbox 156 477 211 532; x_wconf 76' lang='lat'>635</span> <span class='ocrx_word' id='word_1_9' title='bbox 226 486 290 527; x_wconf 89' lang='lat' dir='ltr'>curn</span> <span class='ocrx_word' id='word_1_10' title='bbox 301 469 383 546; x_wconf 89' lang='lat' dir='ltr'>pueri</span> <span class='ocrx_word' id='word_1_11' title='bbox 395 468 503 527; x_wconf 89' lang='lat' dir='ltr'>circum</span> <span class='ocrx_word' id='word_1_12' title='bbox 514 482 633 545; x_wconf 85' lang='lat' dir='ltr'>puerum</span> <span class='ocrx_word' id='word_1_13' title='bbox 644 467 762 546; x_wconf 80' lang='lat' dir='ltr'>pernice</span> <span class='ocrx_word' id='word_1_14' title='bbox 775 465 882 527; x_wconf 83' lang='lat' dir='ltr'>chorea</span> 
     </span>
     <span class='ocr_line' id='line_1_4' title="bbox 224 548 892 629; baseline -0.001 -18"><span class='ocrx_word' id='word_1_15' title='bbox 224 552 320 611; x_wconf 89' lang='lat' dir='ltr'>armati</span> <span class='ocrx_word' id='word_1_16' title='bbox 328 553 356 610; x_wconf 94' lang='lat' dir='ltr'>in</span> <span class='ocrx_word' id='word_1_17' title='bbox 367 566 514 611; x_wconf 83' lang='lat' dir='ltr'>numerum</span> <span class='ocrx_word' id='word_1_18' title='bbox 525 548 672 629; x_wconf 70' lang='lat' dir='ltr'><strong>pulsarent</strong></span> <span class='ocrx_word' id='word_1_19' title='bbox 685 549 799 610; x_wconf 81' lang='lat' dir='ltr'>neritus</span> <span class='ocrx_word' id='word_1_20' title='bbox 809 564 892 627; x_wconf 86' lang='lat' dir='ltr'>acra,</span> 
     </span>
     <span class='ocr_line' id='line_1_5' title="bbox 223 631 866 712; baseline 0.002 -19"><span class='ocrx_word' id='word_1_21' title='bbox 223 653 260 694; x_wconf 94' lang='lat' dir='ltr'>ne</span> <span class='ocrx_word' id='word_1_22' title='bbox 272 634 408 694; x_wconf 91' lang='lat' dir='ltr'>Saturnus</span> <span class='ocrx_word' id='word_1_23' title='bbox 421 650 485 695; x_wconf 87' lang='lat' dir='ltr'>emn</span> <span class='ocrx_word' id='word_1_24' title='bbox 500 632 580 693; x_wconf 91' lang='lat' dir='ltr'>malis</span> <span class='ocrx_word' id='word_1_25' title='bbox 592 633 735 693; x_wconf 90' lang='lat' dir='ltr'>mandaret</span> <span class='ocrx_word' id='word_1_26' title='bbox 746 631 866 712; x_wconf 90' lang='lat' dir='ltr'>adeptus</span> 
     </span>
     <span class='ocr_line' id='line_1_6' title="bbox 224 716 931 797; baseline 0 -21"><span class='ocrx_word' id='word_1_27' title='bbox 224 727 427 797; x_wconf 89' lang='lat' dir='ltr'>aeternumque</span> <span class='ocrx_word' id='word_1_28' title='bbox 439 717 519 777; x_wconf 91' lang='lat' dir='ltr'>daret</span> <span class='ocrx_word' id='word_1_29' title='bbox 530 718 610 777; x_wconf 91' lang='lat' dir='ltr'>matri</span> <span class='ocrx_word' id='word_1_30' title='bbox 621 716 674 776; x_wconf 90' lang='lat' dir='ltr'>sub</span> <span class='ocrx_word' id='word_1_31' title='bbox 684 724 805 795; x_wconf 76' lang='lat' dir='ltr'>pectore</span> <span class='ocrx_word' id='word_1_32' title='bbox 819 717 931 778; x_wconf 83' lang='lat' dir='ltr'>volnus.</span> 
     </span>
    </p>

    <p class='ocr_par' dir='ltr' id='par_1_4' title="bbox 158 800 993 1214">
     <span class='ocr_line' id='line_1_7' title="bbox 158 800 953 882; baseline -0.008 -17"><span class='ocrx_word' id='word_1_33' title='bbox 158 811 214 865; x_wconf 73' lang='lat'>640</span> <span class='ocrx_word' id='word_1_34' title='bbox 226 809 381 880; x_wconf 92' lang='lat' dir='ltr'>propterea</span> <span class='ocrx_word' id='word_1_35' title='bbox 393 817 520 878; x_wconf 86' lang='lat' dir='ltr'>magnam</span> <span class='ocrx_word' id='word_1_36' title='bbox 531 809 648 860; x_wconf 89' lang='lat' dir='ltr'>matrem</span> <span class='ocrx_word' id='word_1_37' title='bbox 662 800 758 860; x_wconf 76' lang='lat' dir='ltr'>aranti</span> <span class='ocrx_word' id='word_1_38' title='bbox 769 802 953 882; x_wconf 65' lang='lat' dir='ltr'>comitantur,</span> 
     </span>
     <span class='ocr_line' id='line_1_8' title="bbox 224 882 942 963; baseline 0.001 -19"><span class='ocrx_word' id='word_1_39' title='bbox 224 893 272 945; x_wconf 93' lang='lat' dir='ltr'>ant</span> <span class='ocrx_word' id='word_1_40' title='bbox 283 886 348 962; x_wconf 90' lang='lat' dir='ltr'>qnia</span> <span class='ocrx_word' id='word_1_41' title='bbox 361 885 519 962; x_wconf 89' lang='lat' dir='ltr'>signidoant</span> <span class='ocrx_word' id='word_1_42' title='bbox 530 882 621 943; x_wconf 84' lang='lat' dir='ltr'>divam</span> <span class='ocrx_word' id='word_1_43' title='bbox 635 883 802 963; x_wconf 74' lang='lat' dir='ltr'>praedicere</span> <span class='ocrx_word' id='word_1_44' title='bbox 816 894 847 945; x_wconf 93' lang='lat' dir='ltr'>ut</span> <span class='ocrx_word' id='word_1_45' title='bbox 858 887 942 945; x_wconf 86' lang='lat' dir='ltr'>armis</span> 
     </span>
     <span class='ocr_line' id='line_1_9' title="bbox 224 965 906 1046; baseline 0 -18"><span class='ocrx_word' id='word_1_46' title='bbox 224 986 259 1028; x_wconf 87' lang='lat' dir='ltr'>ao</span> <span class='ocrx_word' id='word_1_47' title='bbox 269 971 373 1028; x_wconf 83' lang='lat' dir='ltr'>virtute</span> <span class='ocrx_word' id='word_1_48' title='bbox 384 966 473 1028; x_wconf 85' lang='lat' dir='ltr'>velint</span> <span class='ocrx_word' id='word_1_49' title='bbox 483 968 599 1046; x_wconf 88' lang='lat' dir='ltr'>patriam</span> <span class='ocrx_word' id='word_1_50' title='bbox 615 965 906 1046; x_wconf 69' lang='lat' dir='ltr'>defendentem,</span> 
     </span>
     <span class='ocr_line' id='line_1_10' title="bbox 224 1050 993 1131; baseline 0.001 -20"><span class='ocrx_word' id='word_1_51' title='bbox 224 1051 425 1131; x_wconf 82' lang='lat' dir='ltr'>praesidioque</span> <span class='ocrx_word' id='word_1_52' title='bbox 435 1058 536 1130; x_wconf 88' lang='lat' dir='ltr'>parent</span> <span class='ocrx_word' id='word_1_53' title='bbox 548 1050 703 1129; x_wconf 88' lang='lat' dir='ltr'>decorique</span> <span class='ocrx_word' id='word_1_54' title='bbox 714 1052 880 1128; x_wconf 77' lang='lat' dir='ltr'>parentinus</span> <span class='ocrx_word' id='word_1_55' title='bbox 888 1068 967 1112; x_wconf 88' lang='lat' dir='ltr'>essa.</span> <span class='ocrx_word' id='word_1_56' title='bbox 990 1117 993 1122; x_wconf 66' lang='grc'>,</span> 
     </span>
     <span class='ocr_line' id='line_1_11' title="bbox 225 1133 975 1214; baseline 0 -20"><span class='ocrx_word' id='word_1_57' title='bbox 225 1152 298 1213; x_wconf 89' lang='lat' dir='ltr'>quae</span> <span class='ocrx_word' id='word_1_58' title='bbox 311 1135 385 1195; x_wconf 92' lang='lat' dir='ltr'>bene</span> <span class='ocrx_word' id='word_1_59' title='bbox 397 1143 427 1194; x_wconf 91' lang='lat' dir='ltr'>et</span> <span class='ocrx_word' id='word_1_60' title='bbox 438 1135 541 1194; x_wconf 86' lang='lat' dir='ltr'>eximie</span> <span class='ocrx_word' id='word_1_61' title='bbox 554 1135 679 1213; x_wconf 85' lang='lat' dir='ltr'>quamvis</span> <span class='ocrx_word' id='word_1_62' title='bbox 691 1133 819 1212; x_wconf 83' lang='lat' dir='ltr'>disposta</span> <span class='ocrx_word' id='word_1_63' title='bbox 830 1134 975 1214; x_wconf 76' lang='lat' dir='ltr'>feruntur,</span> 
     </span>
    </p>

    <p class='ocr_par' dir='ltr' id='par_1_5' title="bbox 161 1216 915 1630">
     <span class='ocr_line' id='line_1_12' title="bbox 161 1216 859 1297; baseline -0.007 -15"><span class='ocrx_word' id='word_1_64' title='bbox 161 1218 313 1296; x_wconf 76' lang='lat' dir='ltr'>molonga</span> <span class='ocrx_word' id='word_1_65' title='bbox 326 1226 391 1279; x_wconf 91' lang='lat' dir='ltr'>sunt</span> <span class='ocrx_word' id='word_1_66' title='bbox 402 1227 495 1278; x_wconf 89' lang='lat' dir='ltr'>tamen</span> <span class='ocrx_word' id='word_1_67' title='bbox 508 1234 524 1276; x_wconf 90' lang='lat' dir='ltr'>a</span> <span class='ocrx_word' id='word_1_68' title='bbox 537 1235 606 1277; x_wconf 85' lang='lat' dir='ltr'>vera</span> <span class='ocrx_word' id='word_1_69' title='bbox 615 1218 723 1277; x_wconf 90' lang='lat' dir='ltr'>ratione</span> <span class='ocrx_word' id='word_1_70' title='bbox 735 1216 859 1297; x_wconf 88' lang='lat' dir='ltr'>repulsa.</span> 
     </span>
     <span class='ocr_line' id='line_1_13' title="bbox 227 1300 892 1380; baseline 0 -17"><span class='ocrx_word' id='word_1_71' title='bbox 227 1304 316 1363; x_wconf 92' lang='lat' dir='ltr'>omnis</span> <span class='ocrx_word' id='word_1_72' title='bbox 328 1302 471 1380; x_wconf 81' lang='lat' dir='ltr'>eninr-per</span> <span class='ocrx_word' id='word_1_73' title='bbox 481 1320 514 1362; x_wconf 89' lang='lat' dir='ltr'>se</span> <span class='ocrx_word' id='word_1_74' title='bbox 526 1300 620 1360; x_wconf 86' lang='lat' dir='ltr'>divom</span> <span class='ocrx_word' id='word_1_75' title='bbox 633 1309 730 1360; x_wconf 89' lang='lat' dir='ltr'>natura</span> <span class='ocrx_word' id='word_1_76' title='bbox 741 1311 892 1363; x_wconf 77' lang='lat' dir='ltr'>necessest</span> 
     </span>
     <span class='ocr_line' id='line_1_14' title="bbox 226 1384 852 1464; baseline -0.002 -19"><span class='ocrx_word' id='word_1_77' title='bbox 226 1384 364 1447; x_wconf 80' lang='lat' dir='ltr'>immortali</span> <span class='ocrx_word' id='word_1_78' title='bbox 376 1402 449 1445; x_wconf 84' lang='lat' dir='ltr'>aevo</span> <span class='ocrx_word' id='word_1_79' title='bbox 461 1402 567 1446; x_wconf 89' lang='lat' dir='ltr'>summa</span> <span class='ocrx_word' id='word_1_80' title='bbox 579 1402 641 1444; x_wconf 91' lang='lat' dir='ltr'>eum</span> <span class='ocrx_word' id='word_1_81' title='bbox 657 1402 730 1464; x_wconf 88' lang='lat' dir='ltr'>pace</span> <span class='ocrx_word' id='word_1_82' title='bbox 745 1385 852 1445; x_wconf 83' lang='lat' dir='ltr'>fruatur</span> 
     </span>
     <span class='ocr_line' id='line_1_15' title="bbox 226 1468 915 1548; baseline -0.001 -18"><span class='ocrx_word' id='word_1_83' title='bbox 226 1478 336 1530; x_wconf 91' lang='lat' dir='ltr'>semota</span> <span class='ocrx_word' id='word_1_84' title='bbox 347 1468 382 1528; x_wconf 91' lang='lat' dir='ltr'>ab</span> <span class='ocrx_word' id='word_1_85' title='bbox 396 1469 500 1528; x_wconf 92' lang='lat' dir='ltr'>nostris</span> <span class='ocrx_word' id='word_1_86' title='bbox 511 1468 599 1528; x_wconf 88' lang='lat' dir='ltr'>rebus</span> <span class='ocrx_word' id='word_1_87' title='bbox 611 1470 796 1548; x_wconf 83' lang='lat' dir='ltr'>seiunctaque</span> <span class='ocrx_word' id='word_1_88' title='bbox 811 1468 915 1547; x_wconf 88' lang='lat' dir='ltr'>longe:</span> 
     </span>
     <span class='ocr_line' id='line_1_16' title="bbox 226 1550 899 1630; baseline 0 -18"><span class='ocrx_word' id='word_1_89' title='bbox 226 1571 288 1612; x_wconf 87' lang='lat' dir='ltr'>narn</span> <span class='ocrx_word' id='word_1_90' title='bbox 303 1554 411 1630; x_wconf 81' lang='lat' dir='ltr'>privata</span> <span class='ocrx_word' id='word_1_91' title='bbox 422 1550 522 1611; x_wconf 90' lang='lat' dir='ltr'>dolore</span> <span class='ocrx_word' id='word_1_92' title='bbox 539 1553 629 1628; x_wconf 88' lang='lat' dir='ltr'>omni,</span> <span class='ocrx_word' id='word_1_93' title='bbox 642 1553 750 1630; x_wconf 81' lang='lat' dir='ltr'>priuata</span> <span class='ocrx_word' id='word_1_94' title='bbox 762 1552 899 1630; x_wconf 86' lang='lat' dir='ltr'>periclis,</span> 
     </span>
    </p>

    <p class='ocr_par' dir='ltr' id='par_1_6' title="bbox 163 1633 971 2030">
     <span class='ocr_line' id='line_1_17' title="bbox 163 1633 890 1714; baseline -0.006 -14"><span class='ocrx_word' id='word_1_95' title='bbox 163 1646 217 1700; x_wconf 84' lang='lat'>650</span> <span class='ocrx_word' id='word_1_96' title='bbox 229 1638 292 1714; x_wconf 90' lang='lat' dir='ltr'>ipsa</span> <span class='ocrx_word' id='word_1_97' title='bbox 302 1636 361 1695; x_wconf 93' lang='lat' dir='ltr'>suis</span> <span class='ocrx_word' id='word_1_98' title='bbox 373 1633 487 1713; x_wconf 89' lang='lat' dir='ltr'>pollens</span> <span class='ocrx_word' id='word_1_99' title='bbox 500 1635 619 1713; x_wconf 84' lang='lat' dir='ltr'>opibus,</span> <span class='ocrx_word' id='word_1_100' title='bbox 632 1634 672 1694; x_wconf 89' lang='lat' dir='ltr'>nil</span> <span class='ocrx_word' id='word_1_101' title='bbox 680 1635 774 1712; x_wconf 90' lang='lat' dir='ltr'>indiga</span> <span class='ocrx_word' id='word_1_102' title='bbox 784 1638 874 1696; x_wconf 83' lang='lat' dir='ltr'>nostri</span> <span class='ocrx_word' id='word_1_103' title='bbox 881 1680 890 1712; x_wconf 86' lang='lat'>‚</span> 
     </span>
     <span class='ocr_line' id='line_1_18' title="bbox 226 1718 971 1797; baseline 0.004 -19"><span class='ocrx_word' id='word_1_104' title='bbox 226 1738 282 1780; x_wconf 92' lang='lat' dir='ltr'>neo</span> <span class='ocrx_word' id='word_1_105' title='bbox 294 1718 368 1778; x_wconf 89' lang='lat' dir='ltr'>bene</span> <span class='ocrx_word' id='word_1_106' title='bbox 378 1718 540 1797; x_wconf 87' lang='lat' dir='ltr'>promeritis</span> <span class='ocrx_word' id='word_1_107' title='bbox 553 1721 663 1796; x_wconf 90' lang='lat' dir='ltr'>capitur</span> <span class='ocrx_word' id='word_1_108' title='bbox 677 1736 771 1797; x_wconf 91' lang='lat' dir='ltr'>neque</span> <span class='ocrx_word' id='word_1_109' title='bbox 786 1721 909 1796; x_wconf 76' lang='lat' dir='ltr'>tangitur</span> <span class='ocrx_word' id='word_1_110' title='bbox 922 1721 971 1781; x_wconf 73' lang='lat' dir='ltr'>na.</span> 
     </span>
     <span class='ocr_line' id='line_1_19' title="bbox 226 1801 940 1881; baseline -0.003 -16"><span class='ocrx_word' id='word_1_111' title='bbox 226 1814 302 1865; x_wconf 91' lang='lat' dir='ltr'>terra</span> <span class='ocrx_word' id='word_1_112' title='bbox 312 1801 425 1881; x_wconf 88' lang='lat' dir='ltr'>quidem</span> <span class='ocrx_word' id='word_1_113' title='bbox 435 1818 507 1861; x_wconf 84' lang='lat' dir='ltr'>vero</span> <span class='ocrx_word' id='word_1_114' title='bbox 520 1810 597 1862; x_wconf 91' lang='lat' dir='ltr'>caret</span> <span class='ocrx_word' id='word_1_115' title='bbox 610 1804 824 1881; x_wconf 89' lang='lat' dir='ltr'>omnitempore</span> <span class='ocrx_word' id='word_1_116' title='bbox 836 1821 940 1881; x_wconf 84' lang='lat' dir='ltr'>sensu,</span> 
     </span>
     <span class='ocr_line' id='line_1_20' title="bbox 228 1883 900 1964; baseline -0.001 -17"><span class='ocrx_word' id='word_1_117' title='bbox 228 1895 257 1947; x_wconf 92' lang='lat' dir='ltr'>et</span> <span class='ocrx_word' id='word_1_118' title='bbox 273 1888 338 1963; x_wconf 91' lang='lat' dir='ltr'>quia</span> <span class='ocrx_word' id='word_1_119' title='bbox 351 1883 497 1945; x_wconf 90' lang='lat' dir='ltr'>multarum</span> <span class='ocrx_word' id='word_1_120' title='bbox 509 1887 616 1964; x_wconf 88' lang='lat' dir='ltr'>potitur</span> <span class='ocrx_word' id='word_1_121' title='bbox 628 1885 780 1964; x_wconf 91' lang='lat' dir='ltr'>primordia</span> <span class='ocrx_word' id='word_1_122' title='bbox 790 1903 900 1964; x_wconf 86' lang='lat' dir='ltr'>remm,</span> 
     </span>
     <span class='ocr_line' id='line_1_21' title="bbox 227 1968 864 2030; baseline 0 -1"><span class='ocrx_word' id='word_1_123' title='bbox 227 1969 314 2030; x_wconf 90' lang='lat' dir='ltr'>nrulta</span> <span class='ocrx_word' id='word_1_124' title='bbox 324 1968 416 2028; x_wconf 92' lang='lat' dir='ltr'>modis</span> <span class='ocrx_word' id='word_1_125' title='bbox 428 1968 523 2030; x_wconf 91' lang='lat' dir='ltr'>multis</span> <span class='ocrx_word' id='word_1_126' title='bbox 535 1969 618 2029; x_wconf 82' lang='lat' dir='ltr'>ellert</span> <span class='ocrx_word' id='word_1_127' title='bbox 629 1971 658 2028; x_wconf 89' lang='lat' dir='ltr'>in</span> <span class='ocrx_word' id='word_1_128' title='bbox 671 1968 774 2029; x_wconf 93' lang='lat' dir='ltr'>lumina</span> <span class='ocrx_word' id='word_1_129' title='bbox 785 1969 864 2030; x_wconf 89' lang='lat' dir='ltr'>solis.</span> 
     </span>
    </p>

    <p class='ocr_par' dir='ltr' id='par_1_7' title="bbox 161 2051 1047 2468">
     <span class='ocr_line' id='line_1_22' title="bbox 161 2051 968 2133; baseline -0.002 -15"><span class='ocrx_word' id='word_1_130' title='bbox 161 2064 213 2118; x_wconf 78' lang='lat'>655</span> <span class='ocrx_word' id='word_1_131' title='bbox 228 2055 274 2115; x_wconf 88' lang='lat' dir='ltr'>hic</span> <span class='ocrx_word' id='word_1_132' title='bbox 286 2054 376 2132; x_wconf 89' lang='lat' dir='ltr'>siquis</span> <span class='ocrx_word' id='word_1_133' title='bbox 390 2064 466 2113; x_wconf 90' lang='lat' dir='ltr'>mare</span> <span class='ocrx_word' id='word_1_134' title='bbox 482 2051 644 2132; x_wconf 85' lang='lat' dir='ltr'>Neptunum</span> <span class='ocrx_word' id='word_1_135' title='bbox 656 2052 850 2133; x_wconf 79' lang='lat' dir='ltr'>Cereremque</span> <span class='ocrx_word' id='word_1_136' title='bbox 862 2071 968 2116; x_wconf 83' lang='lat' dir='ltr'>vocure</span> 
     </span>
     <span class='ocr_line' id='line_1_23' title="bbox 228 2136 1047 2214; baseline -0.005 -14"><span class='ocrx_word' id='word_1_137' title='bbox 228 2138 372 2200; x_wconf 89' lang='lat' dir='ltr'>constituit</span> <span class='ocrx_word' id='word_1_138' title='bbox 387 2136 485 2214; x_wconf 84' lang='lat' dir='ltr'>imges</span> <span class='ocrx_word' id='word_1_139' title='bbox 497 2147 526 2198; x_wconf 91' lang='lat' dir='ltr'>et</span> <span class='ocrx_word' id='word_1_140' title='bbox 539 2137 643 2198; x_wconf 88' lang='lat' dir='ltr'>Bacchi</span> <span class='ocrx_word' id='word_1_141' title='bbox 659 2140 771 2198; x_wconf 92' lang='lat' dir='ltr'>nomine</span> <span class='ocrx_word' id='word_1_142' title='bbox 782 2138 859 2198; x_wconf 85' lang='lat' dir='ltr'>abuti</span> <span class='ocrx_word' id='word_1_143' title='bbox 1042 2142 1047 2146; x_wconf 56' lang='lat'><strong>⁴</strong></span> 
     </span>
     <span class='ocr_line' id='line_1_24' title="bbox 227 2220 994 2301; baseline 0.004 -20"><span class='ocrx_word' id='word_1_144' title='bbox 227 2221 332 2282; x_wconf 85' lang='lat' dir='ltr'>mavolt</span> <span class='ocrx_word' id='word_1_145' title='bbox 343 2238 426 2298; x_wconf 92' lang='lat' dir='ltr'>quam</span> <span class='ocrx_word' id='word_1_146' title='bbox 437 2220 529 2281; x_wconf 81' lang='lat' dir='ltr'>laticis</span> <span class='ocrx_word' id='word_1_147' title='bbox 540 2224 685 2301; x_wconf 90' lang='lat' dir='ltr'>proprium</span> <span class='ocrx_word' id='word_1_148' title='bbox 696 2221 828 2301; x_wconf 80' lang='lat' dir='ltr'>prolerre</span> <span class='ocrx_word' id='word_1_149' title='bbox 838 2239 994 2299; x_wconf 81' lang='lat' dir='ltr'>vocamen,</span> 
     </span>
     <span class='ocr_line' id='line_1_25' title="bbox 229 2304 898 2367; baseline -0.001 -3"><span class='ocrx_word' id='word_1_150' title='bbox 229 2304 418 2365; x_wconf 85' lang='lat' dir='ltr'>concedamus</span> <span class='ocrx_word' id='word_1_151' title='bbox 430 2313 460 2364; x_wconf 92' lang='lat' dir='ltr'>nt</span> <span class='ocrx_word' id='word_1_152' title='bbox 471 2305 518 2364; x_wconf 87' lang='lat' dir='ltr'>hio</span> <span class='ocrx_word' id='word_1_153' title='bbox 529 2313 664 2365; x_wconf 88' lang='lat' dir='ltr'>terrarum</span> <span class='ocrx_word' id='word_1_154' title='bbox 675 2305 785 2367; x_wconf 87' lang='lat' dir='ltr'>dictitet</span> <span class='ocrx_word' id='word_1_155' title='bbox 800 2306 898 2365; x_wconf 81' lang='lat' dir='ltr'>orbern</span> 
     </span>
     <span class='ocr_line' id='line_1_26' title="bbox 228 2388 915 2468; baseline 0 -20"><span class='ocrx_word' id='word_1_156' title='bbox 228 2408 295 2450; x_wconf 91' lang='lat' dir='ltr'>esse</span> <span class='ocrx_word' id='word_1_157' title='bbox 310 2388 393 2448; x_wconf 92' lang='lat' dir='ltr'>deum</span> <span class='ocrx_word' id='word_1_158' title='bbox 405 2396 537 2464; x_wconf 84' lang='lat' dir='ltr'>matrem,</span> <span class='ocrx_word' id='word_1_159' title='bbox 550 2388 613 2447; x_wconf 90' lang='lat' dir='ltr'>dum</span> <span class='ocrx_word' id='word_1_160' title='bbox 624 2406 693 2448; x_wconf 86' lang='lat' dir='ltr'>vera</span> <span class='ocrx_word' id='word_1_161' title='bbox 702 2406 734 2448; x_wconf 90' lang='lat' dir='ltr'>re</span> <span class='ocrx_word' id='word_1_162' title='bbox 746 2397 840 2448; x_wconf 89' lang='lat' dir='ltr'>tamen</span> <span class='ocrx_word' id='word_1_163' title='bbox 851 2390 915 2468; x_wconf 92' lang='lat' dir='ltr'>ipse</span> 
     </span>
    </p>

    <p class='ocr_par' dir='ltr' id='par_1_8' title="bbox 163 2470 888 2551">
     <span class='ocr_line' id='line_1_27' title="bbox 163 2470 888 2551; baseline -0.003 -17"><span class='ocrx_word' id='word_1_164' title='bbox 163 2482 216 2537; x_wconf 83' lang='lat'>660</span> <span class='ocrx_word' id='word_1_165' title='bbox 229 2470 369 2549; x_wconf 89' lang='lat' dir='ltr'>religione</span> <span class='ocrx_word' id='word_1_166' title='bbox 385 2472 504 2530; x_wconf 89' lang='lat' dir='ltr'>animum</span> <span class='ocrx_word' id='word_1_167' title='bbox 515 2473 589 2550; x_wconf 87' lang='lat' dir='ltr'>turpi</span> <span class='ocrx_word' id='word_1_168' title='bbox 602 2474 768 2550; x_wconf 87' lang='lat' dir='ltr'>contingere</span> <span class='ocrx_word' id='word_1_169' title='bbox 782 2482 888 2551; x_wconf 88' lang='lat' dir='ltr'>parcat.</span> 
     </span>
    </p>

    <p class='ocr_par' dir='ltr' id='par_1_9' title="bbox 226 2554 1001 2891">
     <span class='ocr_line' id='line_1_28' title="bbox 269 2554 1001 2637; baseline 0.007 -24"><span class='ocrx_word' id='word_1_170' title='bbox 269 2556 363 2633; x_wconf 89' lang='lat' dir='ltr'>Saepe</span> <span class='ocrx_word' id='word_1_171' title='bbox 375 2557 470 2632; x_wconf 88' lang='lat' dir='ltr'>itaque</span> <span class='ocrx_word' id='word_1_172' title='bbox 486 2573 523 2614; x_wconf 83' lang='lat' dir='ltr'>ex</span> <span class='ocrx_word' id='word_1_173' title='bbox 534 2573 590 2615; x_wconf 91' lang='lat' dir='ltr'>uno</span> <span class='ocrx_word' id='word_1_174' title='bbox 603 2554 753 2617; x_wconf 89' lang='lat' dir='ltr'>tondentes</span> <span class='ocrx_word' id='word_1_175' title='bbox 764 2558 889 2634; x_wconf 63' lang='lat' dir='ltr'>mirra</span> <span class='ocrx_word' id='word_1_176' title='bbox 901 2574 1001 2637; x_wconf 92' lang='lat' dir='ltr'>eampo</span> 
     </span>
     <span class='ocr_line' id='line_1_29' title="bbox 226 2638 947 2722; baseline 0.007 -24"><span class='ocrx_word' id='word_1_177' title='bbox 226 2640 371 2717; x_wconf 80' lang='lat' dir='ltr'>lanigerae</span> <span class='ocrx_word' id='word_1_178' title='bbox 382 2638 511 2717; x_wconf 88' lang='lat' dir='ltr'>pecudes</span> <span class='ocrx_word' id='word_1_179' title='bbox 523 2648 553 2698; x_wconf 91' lang='lat' dir='ltr'>et</span> <span class='ocrx_word' id='word_1_180' title='bbox 564 2656 700 2719; x_wconf 87' lang='lat' dir='ltr'>equomm</span> <span class='ocrx_word' id='word_1_181' title='bbox 712 2639 834 2702; x_wconf 82' lang='lat' dir='ltr'>duellica</span> <span class='ocrx_word' id='word_1_182' title='bbox 848 2641 947 2722; x_wconf 86' lang='lat' dir='ltr'>proles</span> 
     </span>
     <span class='ocr_line' id='line_1_30' title="bbox 226 2724 940 2803; baseline 0.001 -19"><span class='ocrx_word' id='word_1_183' title='bbox 226 2724 418 2801; x_wconf 81' lang='lat' dir='ltr'>buceriaeque</span> <span class='ocrx_word' id='word_1_184' title='bbox 430 2741 537 2801; x_wconf 82' lang='lat' dir='ltr'>greges</span> <span class='ocrx_word' id='word_1_185' title='bbox 550 2725 652 2785; x_wconf 90' lang='lat' dir='ltr'>eodem</span> <span class='ocrx_word' id='word_1_186' title='bbox 663 2725 717 2786; x_wconf 91' lang='lat' dir='ltr'>sub</span> <span class='ocrx_word' id='word_1_187' title='bbox 731 2728 856 2803; x_wconf 86' lang='lat' dir='ltr'>tegmine</span> <span class='ocrx_word' id='word_1_188' title='bbox 869 2725 940 2789; x_wconf 88' lang='lat' dir='ltr'>caeli</span> 
     </span>
     <span class='ocr_line' id='line_1_31' title="bbox 226 2807 839 2891; baseline 0.005 -23"><span class='ocrx_word' id='word_1_189' title='bbox 226 2827 264 2868; x_wconf 87' lang='lat' dir='ltr'>ex</span> <span class='ocrx_word' id='word_1_190' title='bbox 274 2825 388 2885; x_wconf 89' lang='lat' dir='ltr'>unoque</span> <span class='ocrx_word' id='word_1_191' title='bbox 401 2809 475 2867; x_wconf 92' lang='lat' dir='ltr'>sitim</span> <span class='ocrx_word' id='word_1_192' title='bbox 487 2807 620 2870; x_wconf 89' lang='lat' dir='ltr'>sedantes</span> <span class='ocrx_word' id='word_1_193' title='bbox 633 2810 746 2871; x_wconf 89' lang='lat' dir='ltr'>dumine</span> <span class='ocrx_word' id='word_1_194' title='bbox 758 2814 839 2891; x_wconf 86' lang='lat' dir='ltr'>aquai</span> 
     </span>
    </p>

    <p class='ocr_par' dir='ltr' id='par_1_10' title="bbox 160 2891 991 3306">
     <span class='ocr_line' id='line_1_32' title="bbox 160 2891 944 2974; baseline -0.005 -18"><span class='ocrx_word' id='word_1_195' title='bbox 160 2901 212 2956; x_wconf 83' lang='lat'>665</span> <span class='ocrx_word' id='word_1_196' title='bbox 225 2891 355 2952; x_wconf 89' lang='lat' dir='ltr'>dissimili</span> <span class='ocrx_word' id='word_1_197' title='bbox 366 2894 463 2952; x_wconf 81' lang='lat' dir='ltr'>vivont</span> <span class='ocrx_word' id='word_1_198' title='bbox 473 2896 589 2972; x_wconf 86' lang='lat' dir='ltr'>specie,</span> <span class='ocrx_word' id='word_1_199' title='bbox 606 2898 787 2974; x_wconf 87' lang='lat' dir='ltr'>retinentque</span> <span class='ocrx_word' id='word_1_200' title='bbox 798 2905 944 2974; x_wconf 90' lang='lat' dir='ltr'>parantum</span> 
     </span>
     <span class='ocr_line' id='line_1_33' title="bbox 225 2979 972 3058; baseline -0.007 -23"><span class='ocrx_word' id='word_1_201' title='bbox 225 2985 350 3035; x_wconf 90' lang='lat' dir='ltr'>naturam</span> <span class='ocrx_word' id='word_1_202' title='bbox 365 2985 395 3036; x_wconf 88' lang='lat' dir='ltr'>et</span> <span class='ocrx_word' id='word_1_203' title='bbox 406 2993 502 3036; x_wconf 92' lang='lat' dir='ltr'>mores</span> <span class='ocrx_word' id='word_1_204' title='bbox 514 2982 670 3055; x_wconf 89' lang='lat' dir='ltr'>generatim</span> <span class='ocrx_word' id='word_1_205' title='bbox 682 2995 812 3058; x_wconf 85' lang='lat' dir='ltr'>quaeque</span> <span class='ocrx_word' id='word_1_206' title='bbox 824 2979 972 3034; x_wconf 88' lang='lat' dir='ltr'>imitantur.</span> 
     </span>
     <span class='ocr_line' id='line_1_34' title="bbox 224 3056 924 3139; baseline -0.01 -20"><span class='ocrx_word' id='word_1_207' title='bbox 224 3068 301 3119; x_wconf 90' lang='lat' dir='ltr'>tanta</span> <span class='ocrx_word' id='word_1_208' title='bbox 312 3067 374 3136; x_wconf 89' lang='lat' dir='ltr'>est,</span> <span class='ocrx_word' id='word_1_209' title='bbox 388 3061 417 3118; x_wconf 90' lang='lat' dir='ltr'>in</span> <span class='ocrx_word' id='word_1_210' title='bbox 427 3063 529 3138; x_wconf 83' lang='lat' dir='ltr'>quovis</span> <span class='ocrx_word' id='word_1_211' title='bbox 540 3081 648 3139; x_wconf 90' lang='lat' dir='ltr'>genere</span> <span class='ocrx_word' id='word_1_212' title='bbox 663 3062 786 3134; x_wconf 86' lang='lat' dir='ltr'>herbae,</span> <span class='ocrx_word' id='word_1_213' title='bbox 799 3056 924 3116; x_wconf 87' lang='lat' dir='ltr'>materiai</span> 
     </span>
     <span class='ocr_line' id='line_1_35' title="bbox 224 3142 911 3221; baseline -0.009 -19"><span class='ocrx_word' id='word_1_214' title='bbox 224 3142 369 3203; x_wconf 88' lang='lat' dir='ltr'>dissimilis</span> <span class='ocrx_word' id='word_1_215' title='bbox 380 3146 468 3221; x_wconf 86' lang='lat' dir='ltr'>ratio,</span> <span class='ocrx_word' id='word_1_216' title='bbox 483 3155 557 3204; x_wconf 87' lang='lat' dir='ltr'>tanta</span> <span class='ocrx_word' id='word_1_217' title='bbox 569 3154 614 3206; x_wconf 90' lang='lat' dir='ltr'>est</span> <span class='ocrx_word' id='word_1_218' title='bbox 624 3147 652 3204; x_wconf 93' lang='lat' dir='ltr'>in</span> <span class='ocrx_word' id='word_1_219' title='bbox 664 3143 775 3203; x_wconf 89' lang='lat' dir='ltr'>dumine</span> <span class='ocrx_word' id='word_1_220' title='bbox 788 3155 911 3217; x_wconf 90' lang='lat' dir='ltr'>quoqne.</span> 
     </span>
     <span class='ocr_line' id='line_1_36' title="bbox 223 3221 991 3306; baseline -0.007 -21"><span class='ocrx_word' id='word_1_221' title='bbox 223 3226 290 3286; x_wconf 86' lang='lat' dir='ltr'>lrinc</span> <span class='ocrx_word' id='word_1_222' title='bbox 304 3243 391 3305; x_wconf 91' lang='lat' dir='ltr'>porro</span> <span class='ocrx_word' id='word_1_223' title='bbox 405 3230 531 3306; x_wconf 78' lang='lat' dir='ltr'>quamuis</span> <span class='ocrx_word' id='word_1_224' title='bbox 544 3232 709 3289; x_wconf 84' lang='lat' dir='ltr'>animantem</span> <span class='ocrx_word' id='word_1_225' title='bbox 720 3240 758 3284; x_wconf 88' lang='lat' dir='ltr'>ex</span> <span class='ocrx_word' id='word_1_226' title='bbox 769 3221 898 3281; x_wconf 87' lang='lat' dir='ltr'>omnibns</span> <span class='ocrx_word' id='word_1_227' title='bbox 910 3238 991 3280; x_wconf 88' lang='lat' dir='ltr'>unam</span> 
     </span>
    </p>

    <p class='ocr_par' dir='ltr' id='par_1_11' title="bbox 158 3306 936 3555">
     <span class='ocr_line' id='line_1_37' title="bbox 158 3306 884 3374; baseline -0.015 -1"><span class='ocrx_word' id='word_1_228' title='bbox 158 3317 211 3374; x_wconf 83' lang='lat'>670</span> <span class='ocrx_word' id='word_1_229' title='bbox 224 3328 291 3371; x_wconf 91' lang='lat' dir='ltr'>ossa</span> <span class='ocrx_word' id='word_1_230' title='bbox 305 3327 390 3370; x_wconf 90' lang='lat' dir='ltr'>cruor</span> <span class='ocrx_word' id='word_1_231' title='bbox 399 3329 490 3372; x_wconf 85' lang='lat' dir='ltr'>venae</span> <span class='ocrx_word' id='word_1_232' title='bbox 501 3311 580 3371; x_wconf 90' lang='lat' dir='ltr'>calor</span> <span class='ocrx_word' id='word_1_233' title='bbox 591 3325 672 3369; x_wconf 89' lang='lat' dir='ltr'>umor</span> <span class='ocrx_word' id='word_1_234' title='bbox 680 3309 793 3367; x_wconf 85' lang='lat' dir='ltr'>viscera</span> <span class='ocrx_word' id='word_1_235' title='bbox 804 3306 884 3364; x_wconf 82' lang='lat' dir='ltr'>nerui</span> 
     </span>
     <span class='ocr_line' id='line_1_38' title="bbox 225 3387 936 3473; baseline -0.01 -19"><span class='ocrx_word' id='word_1_236' title='bbox 225 3396 416 3472; x_wconf 83' lang='lat' dir='ltr'>constituunt,</span> <span class='ocrx_word' id='word_1_237' title='bbox 429 3413 501 3473; x_wconf 88' lang='lat' dir='ltr'>quae</span> <span class='ocrx_word' id='word_1_238' title='bbox 514 3402 579 3453; x_wconf 90' lang='lat' dir='ltr'>sunt</span> <span class='ocrx_word' id='word_1_239' title='bbox 589 3407 676 3472; x_wconf 88' lang='lat' dir='ltr'>porro</span> <span class='ocrx_word' id='word_1_240' title='bbox 691 3389 819 3449; x_wconf 91' lang='lat' dir='ltr'>distantia</span> <span class='ocrx_word' id='word_1_241' title='bbox 832 3387 936 3466; x_wconf 77' lang='lat' dir='ltr'>longe,</span> 
     </span>
     <span class='ocr_line' id='line_1_39' title="bbox 223 3473 817 3555; baseline -0.013 -19"><span class='ocrx_word' id='word_1_242' title='bbox 223 3477 351 3537; x_wconf 88' lang='lat' dir='ltr'>dissimili</span> <span class='ocrx_word' id='word_1_243' title='bbox 366 3477 497 3555; x_wconf 84' lang='lat' dir='ltr'>perlecta</span> <span class='ocrx_word' id='word_1_244' title='bbox 509 3478 596 3553; x_wconf 88' lang='lat' dir='ltr'>ligura</span> <span class='ocrx_word' id='word_1_245' title='bbox 608 3473 817 3552; x_wconf 86' lang='lat' dir='ltr'>principiorum.</span> 
     </span>
    </p>
   </div>
   <div class='ocr_carea' id='block_1_3' title="bbox 0 0 1174 3854">
    <p class='ocr_par' dir='ltr' id='par_1_12' title="bbox 0 0 1174 3854">
     <span class='ocr_line' id='line_1_40' title="bbox 0 0 1174 3854; baseline 0 0"><span class='ocrx_word' id='word_1_246' title='bbox 0 0 1174 3854; x_wconf 95' lang='lat' dir='ltr'> </span> 
     </span>
    </p>
   </div>
  </div>
 </body>
</html>
