2340 3854
525 256 527 259 .
554 199 582 262 ll

89 378 143 434 ⁹00
153 368 275 449 antiquis
290 385 329 430 ex
341 366 486 429 ordinibus
498 375 627 447 permota
637 381 712 428 nora
724 385 757 428 re

155 452 341 515 conciliantur
351 455 389 513 ita
400 461 430 512 ut
442 451 547 512 debent
558 448 685 511 animalia
695 450 783 529 gigni.

155 537 257 598 deinde
270 554 322 614 ea,
335 535 488 598 sensilibus
500 536 549 614 qui
559 532 667 596 sensile
678 551 767 614 posse
780 535 871 595 ereari

157 621 346 698 constituunt,
359 637 447 700 porro
461 637 500 680 ex
513 617 577 680 aliis
588 620 694 679 sentire
707 619 797 679 suetis

154 703 251 765 mollia
262 704 432 765 eondeiunt:
448 720 511 763 nam
522 719 626 763 sensus
637 703 762 779 iungitur
773 704 863 764 omnis

92 797 145 852 905
157 788 318 850 uisceribus
332 789 429 848 neruis
440 787 541 864 venia,
553 804 626 866 quae
639 795 741 848 euneta
753 785 881 847 videmus

157 871 253 934 mollia
263 869 375 932 mortali
386 872 547 933 consistere
560 886 684 948 eorpure
697 879 785 931 oreta.

158 956 211 1018 sed
222 965 316 1016 tamen
327 963 391 1016 esto
402 956 456 1015 iam
467 959 556 1034 poise
567 952 641 1014 liaeo
652 962 768 1014 aeterna
781 971 911 1016 manere:

158 1056 261 1119 nempe
273 1047 366 1099 tamen
378 1038 485 1100 debent
495 1046 542 1098 ant
553 1055 669 1100 sensum
679 1039 766 1118 partis
778 1036 886 1099 habere

158 1133 205 1184 aut
216 1122 300 1184 simili
311 1123 379 1184 totis
393 1121 559 1184 animalibus
571 1140 639 1183 esse
651 1122 752 1202 putari.

92 1215 146 1271 910
157 1217 185 1268 at
198 1215 341 1286 nequeant
355 1224 409 1286 per
420 1225 453 1267 se
464 1215 561 1285 partes
576 1207 682 1266 sentire
694 1223 819 1266 neeesse
832 1215 893 1266 est:

158 1309 221 1350 nam
234 1291 305 1350 ratio
319 1309 422 1351 sensus
435 1289 626 1350 membrorum
637 1291 747 1368 respuit
760 1289 867 1366 omnis,

159 1391 214 1434 nee
225 1390 349 1433 mauusa
363 1373 446 1434 nobis
462 1373 537 1451 potis
549 1382 595 1434 est
608 1382 722 1434 secreta
733 1391 827 1452 neque
839 1372 896 1432 ulla

161 1458 292 1536 eorporis
305 1457 418 1517 omnino
430 1474 545 1517 sensum
557 1474 623 1536 pars
639 1455 701 1517 sola
712 1466 823 1518 tenere.

160 1541 295 1619 linquitur
306 1549 336 1600 ut
348 1540 415 1601 totis
426 1540 611 1602 animantibus
625 1540 837 1602 adsimulantur.

95 1634 147 1688 915
159 1626 202 1685 sie
213 1625 310 1685 itidem
322 1643 395 1705 quae
408 1626 545 1686 sentimus
556 1626 663 1686 sentire
675 1633 845 1701 necessest,

160 1709 237 1769 vitali
250 1717 280 1770 ut
290 1710 403 1788 possint
415 1711 579 1771 consentire
590 1708 714 1787 undique
728 1727 825 1769 seusu.

160 1793 208 1872 qni
222 1802 356 1873 poterunt
366 1794 452 1870 igitur
462 1811 556 1854 rerum
568 1791 719 1872 primordia
734 1791 790 1851 diei

160 1885 190 1936 et
203 1876 254 1937 leti
267 1879 357 1938 uitare
373 1879 452 1956 vias,
467 1876 595 1938 animalia
607 1895 670 1937 eum
684 1877 757 1953 siut,

161 1969 246 2040 atque
260 1961 387 2021 animalia
397 1963 453 2022 sint
467 1961 632 2022 mortalibus
645 1978 701 2020 una
713 1958 892 2039 eademque?

96 2051 149 2107 ato
162 2041 238 2122 quod
250 2054 343 2105 tamen
355 2054 385 2105 ut
396 2047 525 2123 possint,
538 2054 566 2105 at
579 2055 664 2106 uoetu
681 2043 862 2123 eoneilioque

161 2126 200 2186 nil
215 2127 319 2187 lanient
330 2137 446 2201 praeter
456 2127 573 2206 vulgum
585 2129 752 2207 turbamque
766 2130 950 2207 animantum,

162 2210 293 2289 scilieet,
306 2221 336 2271 ut
347 2220 493 2291 nequeunt
503 2211 633 2273 homines
646 2221 771 2272 armenta
782 2211 918 2292 feraeque

163 2296 237 2355 inter
249 2313 316 2356 sese
332 2295 418 2356 ullam
429 2314 490 2356 rem
501 2298 623 2374 gignere
636 2296 844 2356 conveniundo.

162 2378 239 2458 quod
255 2381 279 2440 si
295 2379 370 2441 iorte
382 2398 464 2442 suum
476 2380 616 2441 dimittunt
628 2398 751 2460 corpore
763 2399 879 2443 sensum

99 2470 151 2523 925
163 2472 247 2543 atque
260 2462 344 2523 alium
357 2467 487 2548 capiunt,
502 2464 569 2544 quid
581 2482 654 2543 opus
670 2464 723 2524 iuit
734 2464 854 2526 adtribui
871 2465 898 2525 id
913 2465 991 2545 qnod

165 2544 341 2607 detrahitur?
354 2558 412 2609 tum
424 2557 593 2627 praeterea,
606 2547 683 2626 quod
694 2548 817 2624 fugimus
832 2559 914 2626 ante,

164 2639 302 2709 quatenus
314 2633 341 2689 in
353 2631 449 2710 pullos
464 2630 590 2691 animalis
603 2633 711 2691 vertier
720 2649 774 2691 ova

165 2714 307 2774 cernimus
319 2713 451 2790 alituum,
464 2716 627 2791 vermisque
641 2715 802 2791 effervere,
816 2725 919 2774 terram

164 2797 381 2873 intempestivos
397 2812 482 2874 quom
497 2805 582 2874 putor
595 2798 672 2874 eepit
685 2797 723 2856 ob
735 2797 851 2873 imbris,

99 2887 153 2943 930
164 2882 240 2941 seire
255 2878 324 2940 lieet
337 2881 416 2957 gigni
430 2896 519 2957 posse
531 2896 570 2939 ex
582 2895 639 2938 nou
651 2879 777 2940 sensibu‘
790 2898 904 2941 sensus.

207 2963 326 3038 Quodsi
338 2963 413 3024 iurte
426 2962 527 3042 aliquis
540 2962 633 3042 dicet,
648 2964 808 3041 dumtaxat,
825 2965 893 3024 oriri

165 3067 254 3128 posse
270 3067 308 3108 ex
318 3066 375 3110 non
387 3066 475 3110 sensu
490 3066 607 3109 sensum
617 3047 823 3125 mutabilitate,

165 3142 212 3192 aut
223 3131 318 3213 aliquo
332 3143 472 3212 tamquam
485 3141 567 3211 partu
582 3132 660 3212 quod
671 3131 800 3210 proditur
811 3141 908 3212 extra,

165 3215 231 3277 huie
245 3218 313 3278 satis
325 3215 395 3277 illud
407 3219 461 3277 erit
474 3215 588 3296 planum
601 3216 699 3278 iaeere
712 3225 797 3296 atque
809 3217 954 3297 probarer,

101 3307 152 3362 935
167 3317 224 3360 non
237 3300 298 3361 lieri
310 3311 421 3380 partum
430 3302 485 3362 nisi
500 3299 624 3361 coneilio
636 3310 701 3361 ante
717 3309 837 3379 coactu,

165 3402 221 3444 nee
236 3385 387 3464 quiequam
401 3385 564 3446 commutari
576 3387 638 3446 sine
654 3384 816 3446 conciliatu.

166 3468 305 3547 principio
317 3478 461 3548 nequeunt
473 3467 558 3529 ullius
571 3471 701 3548 eorporis
713 3488 782 3530 este
