2340 3854
138 216 199 280 lat
407 244 410 249 ·
626 217 651 276 V

220 402 275 444 nec
287 392 414 444 sanctum
425 401 528 444 numen
540 382 588 443 fati
600 382 757 462 protollere
770 385 832 447 buis

158 477 209 530 310
222 486 311 547 posse
321 485 416 545 neque
427 467 564 527 adversus
575 476 690 528 naturae
700 467 818 529 ioedera
828 465 900 529 niti?

222 551 344 629 denique
358 567 415 610 non
426 551 595 611 monimenta
608 551 699 610 virum
710 550 820 630 dilapsa
830 551 976 631 videmus,

223 635 322 713 {quare
337 650 478 712 proporro
493 632 547 693 sibi
559 651 680 713 cumque
693 652 850 696 senescere
863 635 977 709 credas]

221 735 278 777 non
289 735 371 777 ruere
386 715 501 777 avolsos
513 715 611 776 silices
622 735 639 776 a
649 717 790 779 montibus
802 716 865 779 altis

221 820 276 861 nec
291 799 397 860 validas
409 802 474 860 aevi
486 802 564 860 vires
575 801 705 878 perferre
716 803 832 880 patique

159 892 209 946 315
224 881 314 944 uniti?
326 902 419 962 neque
435 885 509 942 enim
520 882 655 943 caderent
666 883 764 945 avolsa
774 895 912 964 repente,

223 987 260 1028 ex
272 968 378 1027 infinito
390 985 462 1044 quae
474 976 603 1044 tempore
615 967 840 1045 pertolerassent

223 1052 315 1110 omnia
326 1059 464 1110 tormenta
475 1050 593 1126 aetatis,
607 1052 715 1128 privata
726 1051 850 1130 fragore.

264 1133 396 1212 Denique
410 1136 463 1194 iam
475 1143 556 1193 tuere
571 1133 644 1211 boc,
664 1136 769 1194 circum
779 1152 923 1214 supraque
935 1135 1013 1215 quod
1025 1154 1136 1200 omnem
1167 1207 1169 1210 y

223 1220 349 1279 continet
360 1215 491 1297 amplexu
503 1229 620 1278 terram:
632 1219 656 1277 si
671 1229 803 1297 procreat
814 1236 852 1279 ex
862 1236 896 1279 se

161 1311 213 1365 330
225 1304 332 1380 omnia,
346 1301 422 1380 quod
438 1303 548 1381 quidam
560 1311 733 1379 memorant,
744 1303 907 1382 recipitque
922 1312 1087 1382 perempta,

223 1396 312 1446 totum
323 1388 418 1447 nativo
428 1403 462 1445 ac
479 1383 589 1446 mortali
602 1403 725 1464 corpore
741 1395 862 1448 constat.

221 1488 284 1528 nam
296 1469 493 1548 quodcumque
504 1468 573 1529 alias
586 1488 624 1530 ex
635 1488 668 1531 se
680 1489 727 1531 res
738 1480 824 1548 auget
835 1468 959 1548 alitque,

223 1553 344 1612 deminui
358 1552 460 1630 debet,
473 1554 615 1630 recreari,
629 1572 692 1614 cum
702 1555 805 1633 recipit
815 1572 873 1614 res.

265 1635 416 1697 Praeterea
428 1639 452 1696 si
464 1635 540 1696 nulla
551 1636 603 1696 fuit
615 1636 746 1714 genitalis
758 1639 839 1714 origo

160 1730 211 1784 325
224 1731 360 1783 terrarum
373 1730 402 1781 et
418 1719 490 1780 caeli
502 1738 675 1799 semperque
687 1730 802 1781 aeterna
814 1720 912 1797 fuere,

224 1821 389 1881 cur‘supera
401 1802 508 1863 bellum
518 1802 681 1863 Thebanum
693 1812 722 1864 et
733 1804 831 1864 funera
843 1802 944 1864 Troiae

222 1906 279 1947 non
291 1886 359 1947 alias
370 1886 417 1946 alii
429 1903 543 1965 quoque
555 1905 603 1947 res
616 1889 751 1948 cecinere
763 1883 890 1966 poetae?

223 1989 280 2051 quo
291 1979 333 2031 tot
345 1970 418 2031 facta
429 1973 519 2030 vimm
530 1973 633 2031 totiens
647 1970 780 2031 cecidere
791 1988 886 2049 neque
897 1986 1015 2049 usquam

222 2057 345 2115 aeternis
358 2055 447 2114 iemae
457 2057 635 2115 monimentis
647 2056 728 2114 insita
741 2051 863 2115 florent?

158 2149 210 2203 330
222 2157 338 2216 rerum,
351 2149 381 2199 ut
393 2141 510 2218 opinor,
523 2138 609 2198 babet
619 2141 773 2199 novitatem
786 2155 908 2215 summa,
920 2154 1086 2216 recensque

221 2232 346 2282 naturast
357 2221 450 2282 mundi
461 2241 555 2301 neque
566 2222 675 2301 pridem
687 2221 804 2282 exordia
818 2222 904 2300 cepit.

222 2324 309 2387 quare
322 2307 406 2365 etiam
418 2305 554 2384 quaedam
564 2324 638 2365 nunc
649 2316 725 2366 artes
738 2304 934 2384 expoliuntur,

221 2407 296 2449 nunc
309 2391 392 2449 etiam
404 2398 577 2466 augescunt:
590 2407 665 2449 nunc
676 2388 769 2449 addita
782 2390 901 2466 navigiis
913 2396 979 2448 suut

221 2471 324 2549 multa,
337 2472 420 2531 modo
433 2474 558 2548 organici
572 2471 692 2533 melicos
704 2490 847 2552 peperere
859 2486 999 2547 sonores,
1032 2506 1037 2513 ·

158 2567 208 2621 335
222 2556 345 2634 denique
357 2565 453 2615 natura
463 2555 535 2615 baec
548 2573 642 2615 rerum
653 2558 781 2634 ratioque
793 2563 935 2634 repertast

221 2657 330 2718 nuper,
343 2648 372 2699 et
384 2639 456 2699 hanc
467 2640 572 2718 primus
586 2657 649 2700 cum
663 2641 761 2718 primis
772 2641 837 2719 ipse
847 2646 980 2717 repertus

221 2743 296 2784 nuuc
307 2741 364 2801 ego
376 2742 439 2784 sum
450 2726 478 2783 in
489 2725 593 2803 patrias
607 2726 654 2803 qui
667 2725 776 2802 possim
788 2731 903 2782 vertere
913 2738 1015 2782 voces.

222 2806 298 2887 quod
310 2810 335 2868 si
350 2808 424 2868 iorte
439 2808 529 2869 iuisse
541 2807 660 2868 antehac
672 2805 771 2867 eadem
783 2808 874 2866 omnia
886 2803 998 2881 credis,

221 2891 274 2953 sed
286 2894 408 2970 periisse
422 2891 565 2951 bominum
576 2892 693 2951 torrenti
707 2889 803 2951 saecla
813 2906 941 2968 vapore,

158 2985 210 3039 oto
220 2986 266 3036 aut
282 2976 424 3036 cecidisse
435 2975 513 3034 urbis
525 2991 627 3050 magno
638 2975 786 3034 vexamine
796 2973 907 3049 mundi,

220 3069 267 3119 aut
279 3078 317 3118 ex
328 3059 464 3118 imbribus
476 3057 600 3116 adsiduis
612 3059 709 3118 exisse
721 3074 840 3135 rapaces

221 3161 274 3221 per
285 3151 376 3202 terras
387 3158 485 3201 amnes
496 3149 581 3219 atque
594 3140 699 3220 oppida
710 3143 916 3219 cooperuisse,

221 3235 298 3286 tanto
310 3225 415 3303 quique
427 3226 516 3300 magis
527 3225 619 3284 victus
634 3225 741 3285 fateare
753 3232 907 3285 necessest

222 3311 337 3369 exitium
350 3323 464 3386 quoque
477 3317 614 3368 terrarum
627 3307 757 3386 caelique
769 3307 906 3368 futurum:

158 3402 209 3455 cte
222 3410 286 3451 nam
297 3410 361 3451 cum
372 3409 419 3451 res
432 3393 516 3451 tantis
527 3391 633 3452 morbis
645 3393 787 3470 tantisque
799 3390 918 3470 periclis

221 3485 441 3555 temptarentur,
455 3475 492 3534 ibi
505 3476 530 3535 si
544 3475 651 3535 tristior
662 3475 840 3536 incubuisset
