2340 3854
138 216 199 280 loo
609 213 651 273 vl

174 397 208 449 55
225 385 304 462 cogit
314 383 349 445 ad
359 384 506 462 imperium
518 400 566 443 res
578 390 607 442 et
619 381 781 442 concedere
794 398 923 459 regnum.

224 471 356 548 [quorum
368 484 486 547 operum
498 483 598 527 causas
608 465 686 525 nulla
696 467 803 526 ratione
815 464 913 526 videre

221 559 343 632 possunt
354 568 388 610 ae
402 551 462 610 lieri
474 549 568 609 divino
579 551 692 608 numine
703 548 810 626 rentur}

222 653 285 694 nam
297 635 371 694 bena
383 635 430 713 qui
442 632 568 693 didicere
582 631 653 693 deos
665 649 797 693 securum
808 649 897 710 agere
910 648 1033 714 aaron,

223 720 246 778 si
259 727 351 778 tamen
362 719 470 777 interea
480 718 612 776 mirantur
624 733 678 795 qua
688 717 797 776 ratione

174 813 208 866 60
224 819 354 881 quaeque
363 802 426 878 geri
437 801 565 880 possint,
576 802 744 879 pmeaertim
755 799 842 859 rebus
854 799 882 858 in
892 797 949 858 illis

223 903 296 964 quae
308 900 412 962 supera
424 893 508 962 caput
519 883 654 943 aetheriis
667 892 819 943 cernuntur
830 883 858 941 in
872 882 946 959 oris,

221 986 319 1028 rursus
331 969 358 1027 in
373 969 500 1045 antiquas
512 967 673 1026 referuntur
682 966 847 1045 religionis,

223 1061 251 1111 et
264 1051 390 1111 dominos
400 1052 474 1110 acris
485 1050 665 1129 adsciscunt,
677 1053 768 1111 omnia
779 1067 868 1130 posse

223 1152 295 1214 quos
306 1135 401 1194 miseri
414 1134 548 1212 crodunt,
562 1136 649 1212 ignari
661 1133 727 1212 quid
739 1143 823 1213 queat
838 1150 923 1210 esse,
943 1130 953 1151 ⁸

174 1226 208 1282 65
225 1217 290 1298 quid
302 1227 441 1296 nequeat,
456 1219 531 1278 linita
541 1227 670 1297 potestas
686 1218 807 1295 denique
823 1218 926 1295 cuique

223 1320 340 1381 quanam
351 1303 387 1360 sit
397 1303 497 1360 rationi
508 1311 593 1379 atque
604 1300 661 1361 alte
672 1303 807 1361 terminus
818 1300 955 1367 haerens;

223 1403 279 1464 quo
292 1386 381 1462 magis
391 1395 518 1446 errantes
532 1403 618 1446 caeca
628 1387 736 1445 ratione
747 1385 883 1445 laruntur.

222 1487 294 1546 quae
305 1470 359 1528 nisi
370 1471 484 1547 respuis
496 1488 534 1529 ex
544 1471 635 1529 animo
645 1467 789 1546 longeque
800 1468 918 1527 remittis

223 1553 265 1613 dis
277 1551 389 1629 indigna
400 1561 499 1630 putare
511 1552 659 1632 alienaque
670 1554 750 1633 pacis
761 1568 876 1628 eorum,

177 1645 210 1699 70
226 1635 347 1695 delibata
359 1634 441 1695 deum
453 1655 507 1716 per
516 1646 546 1697 te
558 1638 608 1697 tibi
621 1638 730 1695 numina
741 1643 837 1695 sancta

222 1737 310 1797 saepe
322 1720 456 1788 obemnt;
468 1736 523 1779 non
537 1738 593 1798 quo
604 1718 704 1780 violari
715 1736 820 1779 summa
830 1716 914 1777 demn
924 1718 969 1778 vis

222 1804 330 1880 possit,
342 1813 372 1863 ut
384 1821 422 1862 ex
434 1805 474 1862 ira
486 1820 593 1881 poenas
607 1813 708 1881 petere
719 1802 825 1863 inbibat
839 1802 929 1878 acris,

222 1885 274 1946 sed
286 1888 350 1965 quia
361 1894 421 1946 tute
433 1886 483 1945 tibi
495 1885 606 1965 placida
618 1904 765 1965 cumpace
778 1886 891 1964 quietos

223 1971 379 2031 constituos
391 1987 507 2047 magnos
522 1972 624 2030 irarum
634 1969 752 2030 volvere
765 1968 883 2044 ductus,

174 2061 207 2114 75
223 2072 278 2113 nec
290 2053 406 2115 delubra
419 2053 502 2114 deum
512 2054 625 2134 placido
638 2071 700 2114 cum
712 2063 831 2133 pectore
843 2051 949 2128 adibis,

221 2155 277 2197 nec
288 2137 324 2197 de
338 2154 459 2214 corpore
471 2156 544 2218 quac
555 2146 654 2198 sancto
667 2137 815 2198 simulacra
826 2135 956 2195 leruntur

221 2221 248 2278 in
260 2229 370 2281 mentes
382 2220 523 2281 hominum
535 2222 644 2281 divinae
655 2223 750 2282 muntia
760 2220 884 2296 formae,

223 2306 372 2382 suscipere
384 2304 456 2364 haec
467 2307 550 2364 animi
564 2304 712 2383 tranquilla
723 2322 795 2384 pace
806 2301 926 2362 valebis.

222 2385 286 2445 inde
296 2387 395 2447 videre
406 2386 475 2447 licet
491 2387 581 2467 qualis
593 2391 646 2448 iam
657 2391 714 2449 vita
725 2397 868 2466 sequatur.

175 2477 209 2530 80
223 2486 305 2547 quam
317 2469 430 2547 quidem
442 2480 471 2530 ut
484 2472 591 2531 anobis
603 2474 673 2532 ratio
684 2472 831 2533 verissima
843 2470 929 2547 longe

220 2554 336 2631 reiciat,
349 2570 514 2633 quamquam
527 2565 617 2616 sunta
630 2575 674 2616 me
686 2555 772 2616 multa
782 2553 930 2635 prolecta,

220 2634 305 2696 multa
316 2646 409 2698 tamen
419 2647 526 2699 restant
539 2648 568 2699 et
579 2649 643 2700 sunt
654 2637 775 2700 ornanda
786 2637 883 2718 politis

220 2722 367 2782 versibus:
379 2731 424 2783 est
439 2724 509 2783 ratio
520 2723 660 2802 scalpendi
670 2724 771 2800 visque
782 2717 912 2796 tonandi,

220 2812 284 2863 sunt
296 2816 481 2886 tempestates
492 2816 522 2867 et
533 2806 647 2866 fulmina
659 2806 735 2867 clara
747 2803 887 2882 canenda,

170 2896 204 2948 85
219 2883 234 2970 ΙΙ
247 2889 313 2968 quid
327 2889 430 2949 laciant
441 2900 470 2950 et
482 2908 536 2967 qua
548 2889 584 2949 de
597 2884 681 2949 carisa
693 2907 813 2967 cumque
824 2887 964 2953 ferentum

219 2991 256 3032 nc
268 2972 395 3051 trepides
407 2973 479 3034 caeli
491 2974 587 3033 divisis
598 2975 724 3053 partibus
735 2990 848 3049 amens,

219 3055 293 3115 unde
305 3055 404 3117 volans
414 3058 488 3134 ignis
499 3057 663 3136 pervenerit
678 3065 724 3116 aut
735 3057 763 3115 in
774 3065 864 3116 utram
878 3070 911 3113 sc

219 3141 336 3200 verterit
350 3139 415 3199 hino
426 3141 543 3219 partim,
559 3157 615 3218 quo
626 3149 712 3220 pacto
723 3157 776 3218 per
787 3138 852 3198 loca
863 3142 946 3214 septa

218 3223 378 3300 insinuarit,
391 3233 421 3282 et
431 3224 497 3283 hinc
508 3222 664 3283 dominatus
677 3233 707 3283 ut
719 3221 854 3283 extulerit
866 3238 909 3281 se.
924 3215 939 3302 ΙΙ
1015 3223 1019 3229 “

168 3311 203 3366 90
218 3321 336 3384 quorum
347 3322 464 3385 operum
477 3325 577 3368 causas
591 3306 668 3366 nulla
678 3309 786 3367 ratione
800 3303 899 3365 videre
977 3330 982 3337 ·

219 3398 339 3469 possunt
350 3407 384 3449 ac
396 3389 457 3448 lieri
469 3388 562 3450 divino
572 3393 683 3450 numine
694 3400 800 3451 rentur.

219 3484 248 3533 tu
264 3473 329 3532 mihi
341 3491 489 3553 supremae
502 3476 678 3551 praescripta
688 3473 722 3532 ad
736 3472 852 3532 candida
868 3471 958 3532 calcis
