2340 3854
102 200 162 266 186
578 197 620 258 l'l

121 377 173 432 815
187 385 260 446 quos
272 384 362 445 opere
372 366 402 425 in
412 363 461 426 tali
474 363 590 425 cohibet
600 366 644 424 vis
658 383 759 443 magna
768 360 922 425 necessis'

185 452 239 512 lros
252 451 337 528 igitur
347 447 434 510 tellus
445 450 535 509 omnis
547 457 696 509 exaestuat
707 458 804 510 aestus

187 535 355 613 expiratque
368 532 445 592 foras
457 534 486 591 in
497 541 626 610 apertum
637 541 825 610 promptaque
838 530 920 591 caeli.

227 618 276 677 Sic
289 626 318 677 et
327 617 442 676 Averna
453 615 517 674 loca
527 613 640 675 alitibus
655 617 828 676 summittere
840 613 946 675 debent

185 699 358 761 mortiferam
369 701 442 774 vim,
456 697 491 758 de
502 706 578 758 terra
590 716 663 776 quae
674 701 764 776 surgit
776 700 913 770 inauras,

121 793 174 848 820
186 794 215 844 nt
226 785 347 862 spatium
359 779 432 842 cneii
446 780 568 860 quadarn
582 781 618 841 de
630 791 710 861 parte
722 791 861 850 venenet;

187 884 244 946 quo
257 865 339 927 simul
351 883 385 925 ac
396 865 515 944 primum
524 867 626 944 pennis
639 864 731 925 delata
746 867 781 926 sit
793 864 871 942 ales,

186 949 355 1027 impediatur
365 949 404 1008 ihi
415 965 505 1008 caeco
516 957 651 1027 correpta
660 966 792 1026 veneno,

187 1043 218 1093 ut
230 1033 310 1094 cadat
321 1052 338 1093 e
350 1033 470 1109 regione
482 1031 557 1109 loci,
571 1050 626 1110 qua
638 1031 742 1109 derigit
755 1041 862 1093 aestus.

188 1134 244 1196 quo
257 1134 321 1178 cnm
332 1117 459 1191 conruit,
472 1114 519 1175 lric
531 1115 631 1176 eadem
639 1116 684 1175 vis
696 1115 772 1176 illins
784 1125 882 1175 aestus

122 1211 174 1264 825
188 1200 324 1278 reliquias
335 1200 410 1258 vitae
422 1198 555 1259 membris
568 1217 606 1260 ex
619 1199 748 1259 omnibus
759 1197 860 1260 aufert.

188 1286 295 1363 qnippe
307 1284 412 1343 etenim
423 1283 513 1360 primo
528 1285 608 1361 quasi
621 1281 759 1360 quendam
772 1283 887 1343 conciet
900 1290 1025 1342 aestum:

187 1369 332 1447 posterius
345 1368 374 1427 iit
387 1368 443 1441 uti,
458 1384 521 1426 cum
533 1368 587 1426 iam
599 1365 733 1425 cecidere
745 1367 848 1425 veneni

188 1454 216 1510 in
227 1451 313 1511 fontis
326 1452 422 1528 ipsos,
435 1448 473 1508 ihi
486 1452 523 1510 sit
535 1467 650 1528 quoque
661 1451 718 1509 vita
729 1448 867 1509 vomendo

187 1543 343 1614 propterea
355 1531 431 1611 quod
441 1549 542 1610 magna
552 1532 617 1592 mali
629 1533 659 1592 fit
672 1534 755 1611 copia
766 1534 881 1592 circum.

124 1626 177 1681 830
229 1617 274 1677 Fit
286 1633 401 1695 quoqne
416 1624 447 1676 nt
460 1615 599 1676 interdurn
609 1617 653 1677 uis
668 1614 740 1676 haec
751 1625 837 1693 atque
847 1624 944 1676 aestus
954 1613 1064 1675 Averni

188 1709 270 1777 aera,
284 1701 331 1780 qni
346 1702 420 1759 inter
430 1701 491 1760 avis
503 1710 653 1777 cumquest
668 1709 829 1777 terramque
841 1697 971 1776 locatus,

188 1785 335 1859 discutiat,
350 1799 441 1861 prope
452 1785 492 1843 nti
504 1781 586 1842 locus
597 1782 645 1843 hic
656 1782 797 1861 linquatur
807 1784 905 1842 inanis

190 1870 270 1926 cuins
282 1866 356 1926 ubie
370 1867 490 1943 regione
501 1865 558 1924 loci
571 1883 678 1926 venere
689 1866 835 1943 volantes,

190 1949 329 2011 claudicat
341 1949 487 2028 externplo
498 1950 643 2028 pinnarum
654 1951 732 2010 nisus
744 1950 848 2026 inanis,

123 2043 175 2096 835
187 2044 217 2094 et
231 2051 368 2094 conamen
379 2035 519 2112 utrimque
533 2032 639 2094 alarum
652 2034 781 2113 proditur
793 2051 885 2093 omne.

189 2116 236 2179 iric
248 2118 296 2177 ubi
311 2119 399 2176 nixari
411 2128 557 2196 nequeunt
568 2119 759 2195 insistereque
774 2115 845 2194 alis,

190 2200 302 2260 scilicet
312 2245 321 2277 ,
333 2203 361 2259 in
372 2210 476 2261 terram
487 2199 580 2261 delabi
596 2200 724 2280 pondero
737 2202 816 2277 cogit

189 2294 302 2361 natura,
316 2293 346 2344 et
357 2302 477 2343 vacuum
489 2302 580 2363 prope
593 2287 646 2343 iarn
658 2286 802 2363 perinane
814 2285 942 2344 iacentes

190 2366 357 2446 dispergunt
369 2369 472 2427 animas
488 2386 541 2446 per
553 2366 648 2428 caulas
660 2369 790 2445 corporis
802 2367 901 2427 omnis,

594 2644 609 2678 a

126 2873 179 2928 840
191 2865 321 2942 frigidior
330 2882 417 2943 porro
432 2866 460 2924 in
473 2865 568 2944 puteis
580 2873 690 2925 aestate
705 2864 735 2925 iit
746 2881 844 2940 umor,

189 2950 309 3008 rarescit
322 2950 387 3025 quio
397 2958 474 3009 terra
486 2948 599 3024 calore,
613 2957 642 3008 et
654 2950 761 3008 semina
771 2949 796 3007 si
810 2964 884 3025 qnae

190 3032 265 3092 forte
276 3034 390 3111 vaporis
406 3031 492 3092 habet
503 3032 628 3110 proprii,
641 3030 751 3091 dimittit
762 3032 790 3089 in
800 3048 893 3090 auras.

190 3132 247 3194 quo
261 3118 351 3192 magis
363 3125 407 3176 est
418 3117 504 3193 igitur
515 3115 601 3175 tellus
614 3115 699 3175 clieta
712 3113 826 3191 calore,

190 3199 220 3258 fit
233 3215 346 3276 qnoque
359 3198 488 3276 frigidior
502 3200 550 3277 qui
562 3201 590 3258 in
602 3207 704 3259 terrast
714 3197 825 3258 abditus
837 3213 926 3257 umor.

125 3290 177 3343 845
192 3281 300 3359 frigore
312 3299 375 3342 cum
386 3284 523 3360 premitur
534 3299 620 3361 porro
632 3284 722 3344 omnis
735 3291 810 3343 terra
822 3282 938 3359 coitque

191 3374 220 3424 et
232 3365 312 3445 quasi
325 3367 504 3443 concrescit,
517 3367 564 3443 iit,
578 3365 709 3442 scilicet,
725 3374 755 3426 nt
767 3363 899 3426 coeundo

192 3450 330 3526 exprimat
341 3451 369 3507 in
383 3458 486 3528 puteos
499 3452 523 3509 si
535 3468 619 3528 quem
630 3451 704 3526 gerit
715 3451 778 3529 ipsa
790 3447 925 3509 calorem.
