2340 3854
584 193 598 254 1
687 265 690 271 .

175 371 309 432 continuo
320 368 376 430 lroc
387 387 463 430 mors
477 379 523 431 est
536 368 611 430 illius
623 369 700 450 quod
712 368 846 439 scitante.

174 451 293 534 proinde
305 452 411 532 aliquid
423 471 560 533 superare
571 472 696 515 neeesse
709 462 754 515 est
765 451 908 512 incolume
920 450 1005 529 ollis,

173 556 209 598 ne
221 537 272 597 tibi
281 555 331 598 res
341 537 458 598 redeant
469 536 504 596 ad
517 537 602 597 nilum
615 536 739 598 funditus
751 553 849 596 omnes

175 622 212 682 de
224 619 340 702 niloque
352 630 450 680 renata
460 621 591 697 vigescat
603 623 686 700 copia
696 638 799 681 rerum.

110 712 162 770 675
173 723 248 765 nuno
259 705 345 782 igitur
355 704 486 782 quoniam
498 703 655 765 certissima
668 721 788 783 corpora
803 701 939 782 quaedam

174 797 255 864 sunt,
272 804 345 865 quae
357 796 527 848 conservant
538 796 662 847 naturam
674 805 790 865 semper
804 785 938 863 eandem,

175 887 294 951 quorum
304 870 380 930 abitu
391 878 437 929 aut
447 869 524 930 aditu
534 879 698 949 mutatoque
709 871 806 932 ordine
818 878 922 930 mutant

174 963 299 1015 naturam
309 972 358 1015 res
370 963 400 1015 et
413 963 581 1016 convertunt
595 971 716 1033 corpora
727 973 812 1031 sese,

175 1039 251 1099 seire
263 1037 333 1098 licet
342 1054 400 1096 uon
412 1056 479 1098 esse
496 1038 569 1099 baec
579 1040 665 1116 ignea
675 1055 797 1119 corpora
807 1055 910 1098 rerum.

112 1129 164 1185 680
174 1121 215 1182 uil
225 1120 349 1182 referret
361 1123 435 1181 enim
448 1123 584 1200 quaedam
596 1123 758 1200 decedere,
770 1122 865 1197 abire,

176 1214 262 1285 atque
273 1204 329 1264 alio
342 1202 480 1284 adtribui,
492 1209 650 1285 mutarique
663 1205 762 1266 ordine
778 1204 931 1284 quaedam,

177 1291 201 1348 si
213 1298 306 1348 tamen
317 1289 426 1349 ardoris
437 1298 563 1349 naturam
575 1298 676 1350 cuncta
685 1297 830 1349 tenerent:

175 1374 250 1450 ignis
262 1374 336 1432 enim
347 1371 421 1431 soret
434 1372 599 1433 omnimodis
612 1371 811 1451 quodcumque
824 1379 962 1432 crearent.

176 1469 292 1532 verum,
305 1464 336 1515 ut
348 1456 466 1533 opinor,
479 1459 559 1517 itast:
577 1464 643 1516 sunt
654 1454 791 1534 quaedam
803 1472 941 1535 corpora,
954 1469 1070 1532 quorum

113 1547 164 1602 685
178 1555 336 1599 concursus
347 1547 440 1600 motus
453 1540 523 1600 ordo
535 1541 660 1618 positure
672 1540 779 1618 figurae

179 1621 306 1683 eiliciunt
317 1623 408 1700 ignis,
419 1633 582 1702 mutatoque
594 1623 692 1684 ordine
703 1632 809 1684 mutant

178 1716 320 1784 naturam,
332 1724 427 1784 neque
441 1717 505 1768 sunt
516 1708 576 1786 igni
585 1706 713 1768 simulata
723 1725 817 1786 neque
829 1706 879 1766 ulli

178 1799 327 1870 praeterea
337 1792 380 1849 rei
392 1809 464 1869 quae
477 1808 599 1870 corpora
610 1793 721 1852 mittere
733 1793 826 1871 possit

178 1875 310 1935 sensibus
322 1883 350 1934 et
362 1884 476 1936 nostros
487 1875 600 1935 adiectu
611 1885 729 1953 tangere
742 1884 843 1935 taetus.

114 1968 166 2024 690
218 1956 325 2018 Dicere
337 1976 423 2037 porro
434 1961 530 2036 ignem
541 1977 589 2020 res
601 1961 691 2019 omnis
705 1978 789 2035 esse,
802 1976 897 2036 neque
908 1956 991 2017 ullam

177 2059 238 2103 rem
248 2059 345 2102 veram
356 2044 383 2102 in
393 2061 511 2102 numero
522 2060 617 2102 rerum
632 2051 763 2103 constare
775 2043 829 2101 nisi
840 2043 951 2118 ignem,

179 2123 255 2203 quod
267 2124 336 2186 iacit
347 2125 394 2184 bie
406 2124 498 2203 idem,
509 2125 683 2204 perdelirum
694 2142 762 2185 esse
772 2125 893 2184 videtur.

178 2225 241 2267 nam
256 2217 354 2268 contra
366 2226 468 2269 sensus
484 2208 519 2269 ab
531 2208 664 2270 sensibus
675 2208 739 2288 ipse
751 2218 907 2287 repugnat,

62 2331 67 2336 -
180 2300 209 2352 et
219 2290 374 2353 labefactat
384 2309 454 2371 eos,
466 2292 540 2353 unde
553 2294 644 2352 omnia
657 2291 765 2352 credita
776 2290 918 2371 pendent,

116 2385 168 2441 695
180 2374 255 2436 uude
265 2375 313 2437 bic
325 2378 457 2454 cognitus
469 2386 515 2438 est
526 2378 581 2456 ipsi
594 2395 678 2455 quem
689 2378 810 2437 nominat
822 2377 931 2454 ignem:

181 2458 356 2522 creditenim
368 2479 471 2522 sensus
481 2463 577 2539 ignem
590 2478 770 2539 cognoscere
782 2478 868 2538 vere,

180 2551 277 2604 cetera
287 2561 344 2605 uon
356 2545 462 2623 credit,
476 2563 548 2624 quae
559 2545 618 2605 uilo
630 2544 705 2605 clara
716 2546 807 2605 minus
820 2555 893 2606 sunt.

180 2626 257 2706 quod
267 2628 333 2688 mihi
346 2647 409 2689 cum
422 2647 523 2689 vanum
536 2638 593 2688 tum
605 2628 724 2689 delirum
738 2646 805 2689 esse
817 2628 942 2688 videturr

180 2727 237 2788 quo
247 2712 407 2773 referemus
422 2709 517 2772 enimi
530 2711 690 2790 quidnobis
706 2713 811 2772 certius
823 2713 893 2790 ipsis

114 2802 166 2859 700
176 2794 308 2854 sensibus
321 2812 388 2855 esse
400 2803 515 2873 potest,
528 2796 575 2872 qui
585 2813 654 2854 vera
663 2812 698 2854 ac
710 2793 781 2854 falsa
793 2789 944 2853 notemus?
1014 2789 1016 2795 ’

181 2886 332 2957 praeterea
343 2893 431 2955 quare
444 2879 593 2956 quisquam
602 2878 692 2955 magis
706 2878 797 2937 omnia
807 2875 888 2937 tollat

180 2969 209 3022 et
220 2962 290 3023 velit
302 2961 411 3022 ardoris
421 2969 546 3022 naturam
557 2961 686 3042 linquere
698 2958 806 3038 solam,

180 3063 263 3124 quam
273 3055 361 3125 neget
374 3064 442 3107 esse
454 3046 546 3124 ignis,
558 3047 679 3124 quidvis
690 3055 783 3106 tamen
795 3062 862 3105 esse
873 3038 1033 3123 relinquat?

179 3147 269 3208 aequa
280 3129 392 3190 videtur
402 3131 476 3191 eninr
487 3129 627 3190 dementia
639 3128 737 3189 dicere
748 3137 906 3205 utrumque.

117 3222 167 3279 tos
221 3216 403 3295 Quapropter
414 3215 462 3293 qui
472 3216 617 3274 materiem
629 3231 722 3274 rerunr
734 3220 801 3272 esse
813 3221 943 3292 putarunt

179 3303 273 3379 ignem
285 3308 371 3378 atque
383 3299 489 3375 exigui
502 3314 635 3358 summam
651 3297 811 3358 consistere
822 3312 930 3376 posse,

180 3393 210 3446 et
223 3385 270 3464 qui
281 3383 449 3462 principium
460 3380 611 3460 gignundis
623 3387 689 3441 adra
700 3380 787 3442 rebus

181 3468 374 3576 constituere,
386 3475 433 3525 aut
444 3482 570 3525 umorem
581 3466 753 3545 quicumque
766 3471 909 3604 putarunt²
917 3540 932 3580 *
