2340 3854
557 195 584 254 V

93 365 144 422 575
154 344 221 418 'sire
231 374 309 418 suam
320 358 437 436 proprio
448 357 533 418 iaciat
544 357 580 419 de
593 377 716 440 eorpore
726 359 838 439 lucem,

155 439 290 521 quidquid
300 439 329 500 id
340 449 402 519 est,
417 440 474 500 nilo
485 439 577 502 155155
586 444 692 504 maiore
706 444 795 522 ligura

156 542 256 603 quam,
268 525 373 585 uostris
386 522 545 602 oculisque
557 527 717 603 ceruimus,
729 545 797 588 esse
808 527 928 590 videtur.

155 625 217 667 nam
232 608 309 685 prius
321 608 429 684 omnia,
442 623 515 684 quae
526 606 613 684 longe
625 619 734 670 semota
743 619 854 671 tuemur

154 697 222 750 5555
234 688 432 770 permultum,
446 691 546 768 speeie
560 691 679 752 eoniusa
689 691 821 753 videnlur

91 782 144 836 580
155 792 236 852 quam
248 773 332 832 minui
345 771 429 831 iilum.
443 782 616 851 quapropter
626 772 691 834 luna
700 793 824 837 neeesse
837 788 901 855 est,

155 853 380 936 quandoquidem
394 853 496 914 claram
510 857 638 934 speeiem
649 867 813 939 certamque
828 859 943 938 liguram

154 940 291 1019 praebet,
304 946 334 997 ut
346 946 391 998 551
403 939 460 998 oris
473 940 608 1000 extremis
621 958 742 1020 cumque
756 951 851 1005 551515

155 1031 315 1102 quantaque
326 1029 454 1099 quantast
465 1021 531 1082 hine
540 1025 623 1085 uobis
634 1024 762 1086 videatur
772 1028 800 1085 in
811 1026 877 1087 allo.

154 1113 300 1186 postremo
312 1121 507 1184 quoscumque
517 1106 599 1168 rides
613 1107 679 1168 hine
690 1109 813 1170 aetlreris
828 1112 928 1189 ignes,

90 1198 142 1252 585
156 1187 381 1268 quandoquidem
392 1205 588 1268 quoscumque
601 1191 724 1251 interris
737 1194 882 1270 eemimu'‚
896 1191 1037 1270 dammae

155 1273 219 1334 dum
230 1281 337 1332 tremor
348 1280 392 1332 eal
406 1270 516 1349 clarus,
533 1272 597 1333 dum
609 1275 733 1333 cernitur
744 1273 827 1334 arder
838 1293 953 1355 eorum,

154 1371 324 1435 perparvom
339 1352 468 1432 quiddam
481 1354 619 1415 interdum
634 1365 740 1416 mutare
750 1356 861 1418 videtur

154 1438 270 1499 alteram
282 1446 370 1497 ulrum
382 1439 410 1496 iu
421 1447 531 1518 partem
542 1437 634 1517 iilum,
651 1457 708 1518 quo
722 1439 835 1518 longius
847 1443 965 1519 absunt,

154 1523 229 1582 seire
241 1520 310 1582 licet
321 1538 457 1600 perquam
466 1520 594 1600 pauxillo
605 1540 694 1602 posse
705 1525 829 1585 minores

91 1614 142 1668 590
154 1623 222 1667 5555
234 1602 282 1664 vel
294 1605 396 1681 exigua
407 1605 519 1665 maioris
530 1615 610 1684 parte
623 1604 770 1685 brevique.

195 1686 268 1748 lllud
278 1689 346 1747 item
359 1704 415 1747 555
429 1697 474 1749 est
484 1687 653 1766 mirandum,
672 1708 726 1768 qua
736 1693 844 1752 salione

153 1770 275 1831 tantulus
287 1769 337 1831 ille
349 1779 433 1851 queat
442 1780 548 1832 lanium
558 1771 603 1834 sol
615 1775 726 1834 mittere
741 1772 852 1853 lumen,

155 1853 230 1932 qued
241 1855 325 1915 maria
336 1870 370 1914 ae
381 1863 472 1916 terras
487 1857 576 1917 omnis
592 1856 759 1936 caelumque
770 1859 887 1936 rigando

155 1935 296 2016 compleat
307 1946 337 1997 el
348 1936 440 1998 calide
451 1938 600 2017 perfundat
612 1949 713 2000 555515
722 1959 838 2019 rapere.

92 2030 141 2084 595
152 2038 215 2080 nam
226 2019 295 2079 lieet
306 2019 372 2079 hine
384 2020 477 2079 muudi
488 2021 658 2099 patefactum
674 2025 760 2082 totius
772 2041 855 2082 unum

153 2101 311 2180 largifluum
323 2100 429 2160 iontem
440 2112 552 2163 scatere
564 2112 648 2180 atque
660 2122 809 2181 erumpere
821 2105 932 2182 lumen,

154 2185 277 2246 exomni
291 2183 394 2243 mundo
407 2185 471 2262 quia
482 2187 525 2245 sie
536 2184 677 2245 elementa
687 2188 802 2265 vaporis

153 2267 277 2347 undique
290 2268 459 2327 conveniunt
470 2277 500 2329 el
511 2270 555 2328 sie
567 2269 714 2329 eenieetus
725 2286 824 2329 eorum

45 2373 55 2382 ·
155 2351 288 2429 5555511,
301 2369 339 2411 ex
348 2367 404 2410 uno
417 2352 510 2431 capite
525 2351 572 2412 hie
584 2361 614 2412 51
624 2352 745 2432 prollual
756 2352 848 2413 ardor.

91 2446 142 2500 600
155 2454 248 2496 noune
259 2434 340 2496 vides
352 2436 435 2495 eliam
447 2452 529 2516 quam
539 2435 596 2496 lale
607 2453 712 2516 parvus
723 2440 805 2516 aquai

155 2529 233 2598 prata
247 2521 320 2596 rigel
332 2516 395 2579 fons
409 2519 546 2580 interdum
559 2523 722 2600 campisque
734 2521 892 2583 redundet?

155 2612 200 2662 est
211 2604 294 2662 eliam
306 2619 420 2680 queque
432 2605 472 2663 uli
483 2620 650 2680 nonmagna
663 2604 734 2666 solis
745 2605 781 2665 ab
792 2606 849 2681 igni

155 2691 221 2744 aera
231 2685 369 2764 pereipial
382 2683 478 2745 calidis
493 2685 652 2746 fervoribus
665 2687 765 2763 ardor,

156 2778 331 2847 opportunus
343 2767 380 2826 ita
392 2776 437 2827 esl
448 2769 473 2827 si
487 2766 562 2828 15515
573 2777 602 2828 et
614 2768 733 2829 idoneus
745 2777 811 2846 adr,

93 2863 143 2916 555
157 2861 187 2912 ul
199 2861 284 2929 queat
295 2848 413 2910 aeeeudi
425 2852 519 2929 parvis
530 2849 676 2912 ardoribus
687 2853 776 2920 ietus;

156 2936 231 3014 quod
242 2953 333 3013 genus
345 2934 483 2994 interdum
494 2943 612 3012 segetes
624 2932 812 3013 stipulamque
824 2934 951 2998 videmus

155 3017 287 3079 accidere
300 3037 337 3078 ex
349 3034 402 3077 una
414 3016 536 3079 scintilla
546 3017 675 3078 incendia
685 3020 798 3096 passim.

155 3101 271 3162 forsitan
282 3110 311 3162 el
321 3117 405 3161 rosea
415 3100 460 3162 sol
472 3100 529 3162 alle
540 3099 668 3180 lampade
681 3100 781 3162 155555

155 3184 301 3264 possideat
312 3184 427 3245 mullum
437 3186 532 3244 caeeis
547 3184 706 3245 fervoribus
719 3185 814 3261 ignem

92 3277 144 3332 610
156 3269 261 3327 cireum
275 3286 325 3345 se,
342 3267 419 3327 55115
432 3270 479 3346 qul
490 3269 526 3328 sil
539 3265 652 3345 fulgore
664 3277 795 3346 5515555,

155 3351 272 3411 aestifer
283 3360 312 3409 ut
323 3360 427 3410 lautum
440 3351 579 3411 radiorum
590 3361 730 3428 exaugeat
743 3354 838 3414 iemm.

197 3432 259 3494 Nee
271 3435 340 3494 rasio
352 3433 422 3495 selis
433 3433 556 3514 simplex
566 3433 680 3495 reclusa
693 3438 830 3514 palescis,
