2340 3854
138 178 200 244 1⁰⁰
618 176 659 237 lv

157 355 209 408 315
222 344 297 405 flexa
307 345 396 424 ligura
411 343 498 404 docet
509 306 628 422 speculi
638 344 801 403 convertier
809 343 846 402 ad
860 359 924 403 nos.

222 427 369 506 indugredi
380 443 468 506 porro
479 427 586 505 pariter
598 423 748 486 simulacra
761 424 925 504 pedemque

222 529 332 591 ponere
342 511 491 570 nobiscnm
506 507 608 570 credas
620 509 902 588 gestumqucimftari

223 602 378 675 propterea
387 594 468 672 qnia,
484 592 520 654 de
531 591 646 670 speculi
660 609 716 670 qua
727 599 807 672 parte
818 589 959 671 recedas,

224 680 357 738 continuo
368 684 514 755 nequeunt
524 673 604 735 illinc
615 673 764 737 simulacra
774 676 897 744 rovertf3

160 771 212 824 320
222 763 314 822 omnia
325 759 551 839 quandoquidem
563 761 642 836 cogit
652 768 749 819 natura
758 757 860 819 referri

222 863 257 905 ac
271 843 383 905 resilire
394 843 431 903 ab
441 844 529 903 rebus
543 841 578 901 ad
588 860 698 921 aequos
712 841 822 903 reddita
832 840 933 903 dexus.

265 926 420 1007 Splendida
430 944 518 1006 porro
531 924 608 986 oculi
618 927 738 1005 fugitant
747 929 893 1005 vitantque
904 927 995 989 tucrf:

224 1011 268 1072 sol
280 1013 364 1071 etiam
375 1019 492 1087 caecat,
506 1012 639 1071 contrusi
653 1009 773 1071 tendere
784 1027 910 1090 pergas,

224 1103 379 1175 propterca
390 1096 455 1172 qnia
464 1095 509 1154 vis
519 1104 647 1172 magnast
658 1095 766 1173 ipsius,
777 1102 808 1155 ct
818 1092 876 1154 alte

159 1187 210 1240 325
223 1187 289 1239 atra
301 1196 465 1258 perpurum
474 1179 600 1256 graviter
610 1176 761 1240 simulacra
771 1177 900 1238 feruntur

154 1295 157 1300 ·
223 1261 873 1342 etleriuntoculos,turbantiacomposituras.

222 1355 373 1426 praeterea
385 1345 522 1425 splendor
536 1347 705 1425 quicumque
718 1356 762 1407 est
773 1362 841 1407 acer
851 1344 942 1406 adurit

224 1448 313 1508 saepe
324 1429 427 1491 oculos
439 1429 506 1489 ideo
518 1429 595 1508 quod
606 1430 712 1491 semina
725 1429 856 1510 possidet
867 1431 943 1508 ignis

223 1512 327 1591 multa,
343 1513 472 1573 dolorem
483 1513 575 1574 oculis
588 1532 661 1592 quae
672 1516 791 1592 gignunt
800 1513 977 1575 insinuando.

159 1605 212 1658 330
224 1596 313 1657 lurida
325 1606 475 1677 praeterea
487 1597 554 1658 flunt
565 1615 762 1678 quaecumque
772 1607 887 1659 tuentur

224 1683 349 1760 arquati,
366 1682 430 1758 quia
440 1679 544 1741 luroris
556 1681 591 1741 de
604 1698 726 1761 corpore
737 1699 836 1743 eorum

224 1767 331 1825 semina
342 1764 429 1824 multa
441 1763 529 1825 fluunt
538 1765 696 1827 simulacris
708 1768 913 1843 obviarem,

224 1847 366 1926 multaque
377 1857 441 1909 suut
454 1846 546 1910 oculis
556 1851 585 1908 in
599 1867 697 1909 eorum
709 1849 831 1931 denique
842 1851 944 1929 mixta,

225 1950 298 2011 quae
317 1941 439 2010 contage
450 1949 502 1994 sua
512 1931 670 2012 palloribus
682 1936 773 1994 omnia
784 1936 911 2014 pingnnt.

162 2022 213 2076 335
226 2035 243 2076 c
256 2016 384 2077 tenebris
396 2024 490 2076 autem
504 2035 576 2096 quae
588 2027 653 2078 sunt
664 2020 693 2077 in
702 2017 769 2080 luce
779 2026 892 2079 tuemur

224 2110 378 2180 propterea
391 2102 471 2178 quia,
484 2119 547 2161 cum
560 2104 677 2181 propior
688 2101 816 2180 caliginis
827 2108 879 2162 afr

225 2193 287 2244 ater
301 2184 352 2243 init
364 2183 465 2245 oeulos
477 2187 555 2265 prior
566 2195 596 2246 et
607 2186 737 2265 possedit
749 2195 882 2266 apertos,

223 2269 384 2347 insequitur
394 2267 517 2327 candens
530 2269 680 2329 confestim
691 2269 802 2331 lucidus
817 2275 885 2349 adr,

227 2352 275 2428 qui
289 2353 369 2427 quasi
379 2361 482 2429 purgat
493 2369 546 2411 cos
558 2369 592 2410 ac
603 2354 698 2429 nigras
710 2353 825 2415 discutit
835 2354 948 2414 umbras

159 2440 211 2494 340
227 2435 302 2492 airis
316 2432 407 2493 illius:
419 2451 483 2492 nam
494 2432 588 2494 multis
599 2436 725 2512 partibus
736 2437 784 2497 bic
797 2448 843 2500 est

226 2514 358 2576 mobilior
369 2516 522 2593 multisque
533 2519 665 2578 minutior
678 2528 708 2579 et
719 2537 801 2598 mage
812 2521 936 2601 pollens.

224 2601 271 2679 qui
283 2598 365 2660 sirnul
377 2609 462 2678 atque
477 2602 538 2660 vias
552 2600 699 2663 oculorum
711 2602 778 2665 luce
792 2605 915 2683 replerit

223 2693 308 2761 atque
323 2682 476 2761 patefecit,
490 2702 559 2762 quas
575 2696 640 2747 aute
654 2687 807 2748 obsederat
822 2695 873 2750 afr

223 2778 300 2846 ater,
315 2769 448 2829 continuo
459 2787 554 2828 rerum
568 2769 717 2832 simulacra
730 2782 883 2850 secuntur,

161 2858 212 2911 345
224 2870 296 2931 quae
308 2855 361 2913 sita
372 2863 437 2914 sunt
447 2854 477 2912 iu
487 2851 571 2931 luce,
583 2853 786 2934 lacessuntque
797 2865 827 2915 nt
843 2857 998 2917 uideamus.

223 2935 299 3014 quod
312 2946 409 2996 contra
420 2937 519 2997 facere
530 2938 558 2996 in
569 2939 696 2999 tenebris
708 2957 725 2999 e
737 2938 804 2998 luce
814 2941 964 3017 nequimus

222 3028 376 3098 propterea
387 3023 452 3100 quia
462 3023 608 3100 posterior
618 3020 746 3098 caliginis
758 3027 808 3079 adr

223 3105 347 3163 crassior
359 3106 534 3183 insequitur,
547 3106 594 3182 qui
605 3112 707 3166 cuncta
718 3104 852 3164 foramina
864 3101 991 3183 complet

222 3185 385 3264 obsiditque
395 3189 456 3247 vias
468 3187 633 3266 oculorum,
645 3206 682 3248 ne
694 3185 843 3249 simulacra

159 3276 211 3329 350
222 3270 334 3348 possint
346 3269 465 3329 ullarum
477 3289 572 3331 rerum
584 3273 715 3332 coniecta
725 3286 852 3331 morere.

222 3352 428 3432 quadratasque
441 3352 542 3432 procul
553 3356 638 3416 turris
651 3373 715 3415 cnm
725 3356 867 3418 cernimus
878 3355 973 3434 urbis,

221 3445 376 3516 propterca
386 3437 417 3498 iit
428 3439 467 3497 uti
478 3437 628 3499 videantur
635 3456 724 3519 saepe
737 3439 886 3520 rotundae,
