2340 3854
137 196 181 266 74
619 194 661 259 111

158 376 210 432 435
222 366 353 428 dilduere
366 380 493 424 umorem
506 372 536 424 et
551 362 666 425 laticem
677 362 831 426 discedere
843 365 956 444 cernis,

223 461 253 512 et
266 448 370 511 nebula
380 466 415 509 ac
427 447 520 530 lamus
535 449 668 526 quoniam
682 447 805 520 discedit
816 449 845 509 in
857 466 958 527 annas,

224 533 312 596 crede
325 535 443 594 animam
454 549 570 611 qnoque
582 529 699 592 diffundi
712 531 859 612 multoque
871 532 966 612 perire

223 621 305 680 oclus
320 626 350 678 et
362 618 446 677 citius
458 615 579 677 dissolvi
590 617 618 676 in
630 632 753 695 corpora
763 619 869 696 prima,

224 721 288 765 cum
299 700 390 764 semel
405 719 444 762 ex
453 699 574 762 bominis
589 701 723 761 membris
734 699 827 762 ablata
836 703 976 763 recessit:

157 797 212 852 ato
224 789 332 866 qnippe
344 787 450 847 etenim
465 801 588 864 corpus,
601 784 678 863 quod
688 803 739 845 ras
750 787 831 862 quasi
843 787 971 847 constitit
980 787 1063 867 elus,

224 889 308 951 qnam
319 868 456 930 cohibere
470 870 569 946 nequit
581 879 802 946 conquassatum
816 886 855 929 ex
864 868 959 948 aliqua
968 888 1001 933 re

222 974 258 1016 ac
268 952 439 1015 rarefactum
450 951 579 1013 detracto
591 954 728 1030 sanguine
740 955 840 1032 renis,

223 1046 292 1100 aere
304 1040 352 1116 qui
365 1035 465 1098 credas
479 1053 568 1115 posse
581 1036 654 1097 banc
668 1036 832 1097 cohiberier
843 1036 922 1115 ullo,

225 1139 349 1200 corpore
361 1122 409 1198 qni
423 1129 522 1182 nostro
533 1139 613 1182 rarus
627 1123 717 1199 magis
729 1139 822 1199 usque
835 1118 995 1201 liquescit?

155 1218 210 1274 445
266 1206 419 1268 Praeterea
433 1207 512 1283 gigni
526 1207 634 1285 pariter
648 1223 711 1265 cnm
727 1221 851 1284 corpore
863 1214 960 1268 etune

225 1309 361 1354 crescere
375 1292 513 1352 sentimus
528 1292 691 1369 pariterque
704 1307 861 1352 senescere
873 1299 1007 1352 menum.

223 1395 287 1437 uam
303 1374 383 1435 velut
393 1375 503 1435 infirmo
518 1377 599 1453 pueri
612 1383 771 1453 teneroque
786 1384 924 1452 vagantur

224 1477 364 1539 corpore,
377 1460 422 1520 sic
432 1461 515 1518 animi
526 1460 656 1537 sequitur
666 1460 807 1520 sententia
822 1461 929 1521 tenvia:

222 1544 289 1604 inde
304 1543 351 1602 ubi
363 1542 489 1603 robustis
500 1541 626 1603 adolevit
640 1543 746 1604 viribus
757 1553 854 1622 aetas,

158 1638 212 1692 450
223 1627 371 1689 consilium
386 1643 502 1704 qnoque
513 1629 601 1688 maius
617 1637 647 1688 et
657 1629 768 1688 auctior
779 1637 825 1688 est
838 1630 921 1689 animi
931 1630 991 1693 ris:

222 1722 290 1794 post
300 1713 349 1772 ubi
363 1713 418 1771 iam
428 1709 529 1772 validis
540 1721 703 1788 quassatum
718 1720 764 1773 est
777 1713 885 1774 viribus
895 1715 960 1774 aevi

225 1813 330 1876 corpus
343 1805 373 1856 et
384 1795 496 1856 obtusis
509 1794 674 1856 ceciderunt
685 1798 793 1857 viribus
807 1807 902 1875 artus,

224 1880 364 1942 claudicat
375 1880 537 1956 ingenium,
550 1879 651 1941 delirat
663 1878 775 1957 lingua,
788 1881 875 1943 lcbct
888 1898 985 1960 meus,

223 1967 314 2026 omnia
326 1963 461 2024 deliciunt
472 1972 557 2042 atque
573 1981 629 2023 uno
641 1974 771 2043 tempore
785 1963 897 2026 desunt.

156 2059 208 2113 455
224 2067 295 2129 ergo
312 2047 431 2111 dissolui
443 2065 559 2127 qnoque
575 2050 708 2110 convenit
721 2065 832 2110 omnem
842 2051 942 2110 animai

220 2144 363 2213 naturam,
382 2152 436 2194 ceu
447 2133 558 2210 lamus,
574 2135 604 2194 in
614 2132 686 2194 altas
699 2135 774 2194 aeris
785 2151 884 2203 auram

222 2217 450 2297 quandoquidem
461 2219 540 2296 gigni
555 2219 662 2294 pariter
672 2220 835 2296 pariterque
849 2217 978 2281 ridemus

223 2321 358 2364 crescere
371 2311 418 2378 et,
430 2311 464 2361 ut
475 2300 576 2378 docui,
589 2300 672 2362 simul
685 2317 759 2361 aevo
768 2301 847 2363 lessa
859 2302 961 2364 fatisci.

264 2384 327 2446 lluc
341 2383 455 2445 accedit
465 2386 505 2443 uti
516 2383 680 2460 videamus,
697 2401 802 2463 corpus
819 2394 849 2444 nt
860 2389 953 2465 ipsum

156 2479 210 2534 too
221 2471 373 2546 suscipere
388 2469 505 2527 inmanis
516 2467 632 2528 morbos
644 2468 801 2547 durumque
812 2468 941 2530 dolorem
950 2470 970 2550 ‚'

222 2556 265 2616 sic
277 2555 397 2613 animum
412 2568 495 2612 curas
512 2553 587 2612 acris
603 2549 768 2631 luctumque
780 2563 960 2634 metumque;

221 2657 309 2718 quare
322 2637 490 2715 participem
500 2635 552 2696 leti
563 2653 678 2715 qnoque
690 2640 824 2698 convenit
835 2657 913 2700 esse.

221 2723 384 2803 quinetiam
397 2720 504 2782 morbis
518 2722 547 2780 in
559 2723 689 2801 corporis
699 2724 780 2784 arius
795 2732 870 2795 errat

221 2826 310 2887 saepe
321 2808 444 2870 animus:
459 2803 596 2867 dementit
607 2808 682 2866 enirn
694 2805 840 2886 deliraque
852 2808 942 2883 latur,

156 2900 209 2955 465
223 2890 421 2968 interdumque
432 2892 513 2967 gravi
524 2889 656 2968 lethargo
667 2891 758 2951 fertur
768 2893 796 2950 in
807 2889 894 2950 altum

219 2986 424 3052 aeternumque
439 2989 574 3052 soporem
586 2973 678 3034 oculis
690 2983 817 3050 nutuque
832 2971 959 3037 cadentl;

218 3059 294 3120 unde
308 3076 404 3135 neque
416 3056 530 3118 exaudit
540 3074 631 3116 voces
645 3073 701 3115 nec
712 3073 835 3116 noscere
846 3053 942 3114 voltus

219 3141 333 3202 illorum
344 3144 421 3220 potis
432 3151 496 3218 est,
507 3139 543 3200 ad
553 3140 638 3200 vitam
649 3140 697 3216 qui
708 3145 880 3198 revocantes

219 3227 410 3286 circumstant
424 3224 546 3287 lacrimis
556 3232 686 3283 rorantes
698 3238 748 3281 ora
758 3239 917 3301 genasque.

153 3316 206 3372 tto
217 3326 305 3387 quare
319 3311 439 3369 animum
450 3323 566 3385 quoque
577 3303 697 3366 dissolui
717 3306 825 3366 fateare
837 3322 1006 3392 necessest,

217 3390 444 3471 quandoquidem
457 3399 607 3468 penetrant
618 3391 646 3448 in
658 3406 723 3449 cum
735 3394 866 3471 contagia
876 3393 983 3455 morbi:

217 3493 282 3536 nam
296 3474 379 3536 dolor
392 3493 428 3536 ac
438 3472 555 3533 morbus
566 3471 618 3534 leti
629 3473 784 3537 fabricator
798 3485 961 3558 uterqnest;
