<?xml version="1.0" encoding="UTF-8"?>
<!DOCTYPE html PUBLIC "-//W3C//DTD XHTML 1.0 Transitional//EN"
    "http://www.w3.org/TR/xhtml1/DTD/xhtml1-transitional.dtd">
<html xmlns="http://www.w3.org/1999/xhtml" xml:lang="en" lang="en">
 <head>
  <title>
</title>
<meta http-equiv="Content-Type" content="text/html;charset=utf-8" />
  <meta name='ocr-system' content='tesseract 3.04.00' />
  <meta name='ocr-capabilities' content='ocr_page ocr_carea ocr_par ocr_line ocrx_word'/>
</head>
<body>
  <div class='ocr_page' id='page_1' title='image "./dererumnaturali05carugoog_0026.png"; bbox 0 0 2340 3854; ppageno 0'>
   <div class='ocr_carea' id='block_1_1' title="bbox 570 211 583 272">
    <p class='ocr_par' dir='ltr' id='par_1_1' title="bbox 570 211 583 272">
     <span class='ocr_line' id='line_1_1' title="bbox 570 211 583 272; baseline 0 0"><span class='ocrx_word' id='word_1_1' title='bbox 570 211 583 272; x_wconf 97' lang='lat' dir='ltr'><strong>l</strong></span> 
     </span>
    </p>
   </div>
   <div class='ocr_carea' id='block_1_2' title="bbox 90 373 961 3537">
    <p class='ocr_par' dir='ltr' id='par_1_2' title="bbox 90 373 961 3537">
     <span class='ocr_line' id='line_1_2' title="bbox 160 373 855 438; baseline 0.006 -4"><span class='ocrx_word' id='word_1_2' title='bbox 160 374 272 437; x_wconf 77' lang='lat' dir='ltr'><strong>dedicat</strong></span> <span class='ocrx_word' id='word_1_3' title='bbox 283 384 311 435; x_wconf 91' lang='lat' dir='ltr'><strong>et</strong></span> <span class='ocrx_word' id='word_1_4' title='bbox 322 373 410 435; x_wconf 87' lang='lat' dir='ltr'><strong>multo</strong></span> <span class='ocrx_word' id='word_1_5' title='bbox 420 393 541 436; x_wconf 88' lang='lat' dir='ltr'><strong>vacuum</strong></span> <span class='ocrx_word' id='word_1_6' title='bbox 551 377 641 436; x_wconf 91' lang='lat' dir='ltr'><strong>miuus</strong></span> <span class='ocrx_word' id='word_1_7' title='bbox 653 377 728 437; x_wconf 89' lang='lat' dir='ltr'><strong>intus</strong></span> <span class='ocrx_word' id='word_1_8' title='bbox 740 377 855 438; x_wconf 87' lang='lat' dir='ltr'><strong>habere.</strong></span> 
     </span>
     <span class='ocr_line' id='line_1_3' title="bbox 160 458 827 538; baseline 0.001 -19"><span class='ocrx_word' id='word_1_9' title='bbox 160 467 206 519; x_wconf 88' lang='lat' dir='ltr'><strong>est</strong></span> <span class='ocrx_word' id='word_1_10' title='bbox 217 460 317 536; x_wconf 89' lang='lat' dir='ltr'><strong>igitur,</strong></span> <span class='ocrx_word' id='word_1_11' title='bbox 329 459 471 534; x_wconf 89' lang='lat' dir='ltr'><strong>nimirum,</strong></span> <span class='ocrx_word' id='word_1_12' title='bbox 484 458 512 517; x_wconf 95' lang='lat' dir='ltr'><strong>id</strong></span> <span class='ocrx_word' id='word_1_13' title='bbox 524 458 600 538; x_wconf 95' lang='lat' dir='ltr'><strong>quod</strong></span> <span class='ocrx_word' id='word_1_14' title='bbox 611 462 719 520; x_wconf 89' lang='lat' dir='ltr'><strong>ratione</strong></span> <span class='ocrx_word' id='word_1_15' title='bbox 731 464 827 538; x_wconf 78' lang='lat' dir='ltr'>sagaci</span> 
     </span>
     <span class='ocr_line' id='line_1_4' title="bbox 161 541 945 621; baseline 0.009 -20"><span class='ocrx_word' id='word_1_16' title='bbox 161 544 337 620; x_wconf 80' lang='lat' dir='ltr'>quaerimus,</span> <span class='ocrx_word' id='word_1_17' title='bbox 349 541 499 601; x_wconf 85' lang='lat' dir='ltr'><strong>admixtum</strong></span> <span class='ocrx_word' id='word_1_18' title='bbox 510 543 612 620; x_wconf 84' lang='lat' dir='ltr'><strong>rebus,</strong></span> <span class='ocrx_word' id='word_1_19' title='bbox 624 542 700 621; x_wconf 94' lang='lat' dir='ltr'><strong>quod</strong></span> <span class='ocrx_word' id='word_1_20' title='bbox 711 545 792 604; x_wconf 92' lang='lat' dir='ltr'><strong>inane</strong></span> <span class='ocrx_word' id='word_1_21' title='bbox 803 562 945 608; x_wconf 86' lang='lat' dir='ltr'><strong>vocamus.</strong></span> 
     </span>
     <span class='ocr_line' id='line_1_5' title="bbox 93 623 804 688; baseline -0.001 0"><span class='ocrx_word' id='word_1_22' title='bbox 93 633 149 688; x_wconf 78' lang='lat' dir='ltr'><strong>ato</strong></span> <span class='ocrx_word' id='word_1_23' title='bbox 203 623 277 684; x_wconf 91' lang='lat' dir='ltr'><strong>lllud</strong></span> <span class='ocrx_word' id='word_1_24' title='bbox 288 626 315 683; x_wconf 96' lang='lat' dir='ltr'><strong>in</strong></span> <span class='ocrx_word' id='word_1_25' title='bbox 327 624 371 685; x_wconf 89' lang='lat' dir='ltr'><strong>his</strong></span> <span class='ocrx_word' id='word_1_26' title='bbox 384 625 471 684; x_wconf 91' lang='lat' dir='ltr'><strong>rebus</strong></span> <span class='ocrx_word' id='word_1_27' title='bbox 482 643 518 685; x_wconf 89' lang='lat' dir='ltr'><strong>ne</strong></span> <span class='ocrx_word' id='word_1_28' title='bbox 531 634 561 685; x_wconf 92' lang='lat' dir='ltr'><strong>te</strong></span> <span class='ocrx_word' id='word_1_29' title='bbox 574 625 719 687; x_wconf 80' lang='lat' dir='ltr'><strong>deducere</strong></span> <span class='ocrx_word' id='word_1_30' title='bbox 733 645 804 687; x_wconf 83' lang='lat' dir='ltr'><strong>vero</strong></span> 
     </span>
     <span class='ocr_line' id='line_1_6' title="bbox 159 706 920 791; baseline 0.007 -23"><span class='ocrx_word' id='word_1_31' title='bbox 159 710 267 787; x_wconf 92' lang='lat' dir='ltr'><strong>possit,</strong></span> <span class='ocrx_word' id='word_1_32' title='bbox 281 706 477 786; x_wconf 86' lang='lat' dir='ltr'><strong>quodquidam</strong></span> <span class='ocrx_word' id='word_1_33' title='bbox 489 708 611 786; x_wconf 86' lang='lat' dir='ltr'><strong>lingunt,</strong></span> <span class='ocrx_word' id='word_1_34' title='bbox 623 727 809 788; x_wconf 87' lang='lat' dir='ltr'><strong>praecunere</strong></span> <span class='ocrx_word' id='word_1_35' title='bbox 822 730 920 791; x_wconf 89' lang='lat' dir='ltr'><strong>cogor.</strong></span> 
     </span>
     <span class='ocr_line' id='line_1_7' title="bbox 160 789 825 869; baseline 0.005 -17"><span class='ocrx_word' id='word_1_36' title='bbox 160 792 265 852; x_wconf 85' lang='lat' dir='ltr'><strong>cedere</strong></span> <span class='ocrx_word' id='word_1_37' title='bbox 279 793 463 869; x_wconf 80' lang='lat' dir='ltr'><strong>squamigeris</strong></span> <span class='ocrx_word' id='word_1_38' title='bbox 476 789 575 852; x_wconf 88' lang='lat' dir='ltr'><strong>latices</strong></span> <span class='ocrx_word' id='word_1_39' title='bbox 586 794 738 854; x_wconf 73' lang='lat' dir='ltr'><strong>nitentibus</strong></span> <span class='ocrx_word' id='word_1_40' title='bbox 749 796 825 855; x_wconf 91' lang='lat' dir='ltr'><strong>aiunt</strong></span> 
     </span>
     <span class='ocr_line' id='line_1_8' title="bbox 160 873 873 956; baseline 0.008 -22"><span class='ocrx_word' id='word_1_41' title='bbox 160 885 189 934; x_wconf 91' lang='lat' dir='ltr'><strong>et</strong></span> <span class='ocrx_word' id='word_1_42' title='bbox 200 873 321 953; x_wconf 91' lang='lat' dir='ltr'><strong>liquidas</strong></span> <span class='ocrx_word' id='word_1_43' title='bbox 334 876 445 951; x_wconf 91' lang='lat' dir='ltr'><strong>aperire</strong></span> <span class='ocrx_word' id='word_1_44' title='bbox 456 877 533 951; x_wconf 89' lang='lat' dir='ltr'><strong>vias,</strong></span> <span class='ocrx_word' id='word_1_45' title='bbox 548 878 612 953; x_wconf 89' lang='lat' dir='ltr'><strong>quia</strong></span> <span class='ocrx_word' id='word_1_46' title='bbox 623 885 689 955; x_wconf 92' lang='lat' dir='ltr'><strong>post</strong></span> <span class='ocrx_word' id='word_1_47' title='bbox 700 875 765 937; x_wconf 92' lang='lat' dir='ltr'><strong>loca</strong></span> <span class='ocrx_word' id='word_1_48' title='bbox 776 880 873 956; x_wconf 81' lang='lat' dir='ltr'><strong>pisces</strong></span> 
     </span>
     <span class='ocr_line' id='line_1_9' title="bbox 160 957 922 1035; baseline 0.01 -19"><span class='ocrx_word' id='word_1_49' title='bbox 160 958 302 1035; x_wconf 89' lang='lat' dir='ltr'><strong>linquant,</strong></span> <span class='ocrx_word' id='word_1_50' title='bbox 314 974 371 1034; x_wconf 93' lang='lat' dir='ltr'><strong>quo</strong></span> <span class='ocrx_word' id='word_1_51' title='bbox 384 959 495 1035; x_wconf 83' lang='lat' dir='ltr'><strong>possint</strong></span> <span class='ocrx_word' id='word_1_52' title='bbox 507 957 644 1020; x_wconf 81' lang='lat' dir='ltr'><strong>cedentes</strong></span> <span class='ocrx_word' id='word_1_53' title='bbox 656 960 802 1021; x_wconf 90' lang='lat' dir='ltr'><strong>conduere</strong></span> <span class='ocrx_word' id='word_1_54' title='bbox 814 962 922 1024; x_wconf 79' lang='lat' dir='ltr'><strong>undae:</strong></span> 
     </span>
     <span class='ocr_line' id='line_1_10' title="bbox 91 1040 810 1122; baseline 0 -18"><span class='ocrx_word' id='word_1_55' title='bbox 91 1049 146 1105; x_wconf 78' lang='lat'><strong>³75</strong></span> <span class='ocrx_word' id='word_1_56' title='bbox 158 1043 200 1102; x_wconf 89' lang='lat' dir='ltr'><strong>sio</strong></span> <span class='ocrx_word' id='word_1_57' title='bbox 211 1040 279 1100; x_wconf 89' lang='lat' dir='ltr'><strong>alias</strong></span> <span class='ocrx_word' id='word_1_58' title='bbox 291 1056 405 1118; x_wconf 92' lang='lat' dir='ltr'><strong>quoque</strong></span> <span class='ocrx_word' id='word_1_59' title='bbox 417 1059 464 1101; x_wconf 90' lang='lat' dir='ltr'><strong>res</strong></span> <span class='ocrx_word' id='word_1_60' title='bbox 476 1044 549 1102; x_wconf 91' lang='lat' dir='ltr'><strong>inter</strong></span> <span class='ocrx_word' id='word_1_61' title='bbox 559 1061 592 1102; x_wconf 90' lang='lat' dir='ltr'><strong>se</strong></span> <span class='ocrx_word' id='word_1_62' title='bbox 603 1061 691 1122; x_wconf 91' lang='lat' dir='ltr'><strong>posse</strong></span> <span class='ocrx_word' id='word_1_63' title='bbox 703 1047 810 1105; x_wconf 84' lang='lat' dir='ltr'><strong>moueri</strong></span> 
     </span>
     <span class='ocr_line' id='line_1_11' title="bbox 161 1123 835 1206; baseline 0.004 -21"><span class='ocrx_word' id='word_1_64' title='bbox 161 1135 190 1186; x_wconf 91' lang='lat' dir='ltr'><strong>et</strong></span> <span class='ocrx_word' id='word_1_65' title='bbox 202 1133 308 1184; x_wconf 89' lang='lat' dir='ltr'><strong>mutare</strong></span> <span class='ocrx_word' id='word_1_66' title='bbox 321 1123 431 1202; x_wconf 89' lang='lat' dir='ltr'><strong>locum,</strong></span> <span class='ocrx_word' id='word_1_67' title='bbox 446 1127 571 1202; x_wconf 88' lang='lat' dir='ltr'><strong>quamvis</strong></span> <span class='ocrx_word' id='word_1_68' title='bbox 584 1130 639 1187; x_wconf 89' lang='lat' dir='ltr'><strong>sint</strong></span> <span class='ocrx_word' id='word_1_69' title='bbox 650 1130 740 1187; x_wconf 90' lang='lat' dir='ltr'><strong>omnia</strong></span> <span class='ocrx_word' id='word_1_70' title='bbox 750 1128 835 1206; x_wconf 89' lang='lat' dir='ltr'><strong>plena</strong></span> 
     </span>
     <span class='ocr_line' id='line_1_12' title="bbox 159 1207 824 1290; baseline 0.002 -22"><span class='ocrx_word' id='word_1_71' title='bbox 159 1207 287 1285; x_wconf 91' lang='lat' dir='ltr'><strong>scilicet,</strong></span> <span class='ocrx_word' id='word_1_72' title='bbox 301 1208 328 1266; x_wconf 92' lang='lat' dir='ltr'><strong>id</strong></span> <span class='ocrx_word' id='word_1_73' title='bbox 340 1207 410 1269; x_wconf 90' lang='lat' dir='ltr'><strong>lalsa</strong></span> <span class='ocrx_word' id='word_1_74' title='bbox 421 1218 509 1268; x_wconf 91' lang='lat' dir='ltr'><strong>totum</strong></span> <span class='ocrx_word' id='word_1_75' title='bbox 520 1211 627 1270; x_wconf 90' lang='lat' dir='ltr'><strong>ratione</strong></span> <span class='ocrx_word' id='word_1_76' title='bbox 639 1220 824 1290; x_wconf 88' lang='lat' dir='ltr'><strong>receptumst.</strong></span> 
     </span>
     <span class='ocr_line' id='line_1_13' title="bbox 158 1294 925 1372; baseline 0.004 -22"><span class='ocrx_word' id='word_1_77' title='bbox 158 1310 221 1351; x_wconf 92' lang='lat' dir='ltr'><strong>nam</strong></span> <span class='ocrx_word' id='word_1_78' title='bbox 233 1309 289 1368; x_wconf 91' lang='lat' dir='ltr'><strong>quo</strong></span> <span class='ocrx_word' id='word_1_79' title='bbox 301 1294 470 1369; x_wconf 81' lang='lat' dir='ltr'><strong>squamigeri</strong></span> <span class='ocrx_word' id='word_1_80' title='bbox 483 1301 614 1371; x_wconf 88' lang='lat' dir='ltr'><strong>poterunt</strong></span> <span class='ocrx_word' id='word_1_81' title='bbox 626 1294 785 1371; x_wconf 88' lang='lat' dir='ltr'><strong>procedere</strong></span> <span class='ocrx_word' id='word_1_82' title='bbox 798 1294 925 1372; x_wconf 91' lang='lat' dir='ltr'><strong>taudem,</strong></span> 
     </span>
     <span class='ocr_line' id='line_1_14' title="bbox 159 1372 866 1456; baseline 0.007 -24"><span class='ocrx_word' id='word_1_83' title='bbox 159 1376 186 1432; x_wconf 94' lang='lat' dir='ltr'><strong>ni</strong></span> <span class='ocrx_word' id='word_1_84' title='bbox 199 1376 319 1452; x_wconf 91' lang='lat' dir='ltr'><strong>spatium</strong></span> <span class='ocrx_word' id='word_1_85' title='bbox 332 1373 461 1435; x_wconf 85' lang='lat' dir='ltr'><strong>dederint</strong></span> <span class='ocrx_word' id='word_1_86' title='bbox 473 1372 594 1435; x_wconf 78' lang='lat' dir='ltr'><strong>latices?</strong></span> <span class='ocrx_word' id='word_1_87' title='bbox 606 1376 768 1436; x_wconf 85' lang='lat' dir='ltr'><strong>concedere</strong></span> <span class='ocrx_word' id='word_1_88' title='bbox 780 1394 866 1456; x_wconf 90' lang='lat' dir='ltr'><strong>porro</strong></span> 
     </span>
     <span class='ocr_line' id='line_1_15' title="bbox 92 1457 905 1539; baseline 0.002 -20"><span class='ocrx_word' id='word_1_89' title='bbox 92 1467 146 1523; x_wconf 77' lang='grc'><strong>380</strong></span> <span class='ocrx_word' id='word_1_90' title='bbox 159 1475 215 1535; x_wconf 93' lang='lat' dir='ltr'><strong>quo</strong></span> <span class='ocrx_word' id='word_1_91' title='bbox 227 1465 359 1534; x_wconf 90' lang='lat' dir='ltr'><strong>poterunt</strong></span> <span class='ocrx_word' id='word_1_92' title='bbox 370 1457 477 1533; x_wconf 89' lang='lat' dir='ltr'><strong>undae,</strong></span> <span class='ocrx_word' id='word_1_93' title='bbox 491 1476 555 1517; x_wconf 91' lang='lat' dir='ltr'><strong>curn</strong></span> <span class='ocrx_word' id='word_1_94' title='bbox 566 1461 664 1536; x_wconf 89' lang='lat' dir='ltr'><strong>pisces</strong></span> <span class='ocrx_word' id='word_1_95' title='bbox 676 1461 717 1519; x_wconf 88' lang='lat' dir='ltr'><strong>ire</strong></span> <span class='ocrx_word' id='word_1_96' title='bbox 729 1459 905 1539; x_wconf 78' lang='lat' dir='ltr'><strong>nequibunt?</strong></span> 
     </span>
     <span class='ocr_line' id='line_1_16' title="bbox 159 1541 884 1623; baseline 0.008 -24"><span class='ocrx_word' id='word_1_97' title='bbox 159 1549 205 1600; x_wconf 94' lang='lat' dir='ltr'><strong>aut</strong></span> <span class='ocrx_word' id='word_1_98' title='bbox 217 1542 303 1617; x_wconf 88' lang='lat' dir='ltr'><strong>igitur</strong></span> <span class='ocrx_word' id='word_1_99' title='bbox 313 1550 390 1601; x_wconf 91' lang='lat' dir='ltr'><strong>mutu</strong></span> <span class='ocrx_word' id='word_1_100' title='bbox 402 1541 592 1620; x_wconf 78' lang='lat' dir='ltr'><strong>privandumst</strong></span> <span class='ocrx_word' id='word_1_101' title='bbox 604 1560 725 1621; x_wconf 90' lang='lat' dir='ltr'><strong>corpora</strong></span> <span class='ocrx_word' id='word_1_102' title='bbox 738 1562 884 1623; x_wconf 92' lang='lat' dir='ltr'><strong>quaeque,</strong></span> 
     </span>
     <span class='ocr_line' id='line_1_17' title="bbox 158 1623 842 1705; baseline 0.006 -21"><span class='ocrx_word' id='word_1_103' title='bbox 158 1634 205 1684; x_wconf 88' lang='lat' dir='ltr'><strong>aut</strong></span> <span class='ocrx_word' id='word_1_104' title='bbox 215 1642 283 1684; x_wconf 85' lang='lat' dir='ltr'><strong>esse</strong></span> <span class='ocrx_word' id='word_1_105' title='bbox 295 1623 444 1684; x_wconf 81' lang='lat' dir='ltr'><strong>admixtum</strong></span> <span class='ocrx_word' id='word_1_106' title='bbox 456 1624 634 1686; x_wconf 87' lang='lat' dir='ltr'><strong>dicundumst</strong></span> <span class='ocrx_word' id='word_1_107' title='bbox 646 1627 732 1687; x_wconf 90' lang='lat' dir='ltr'><strong>rebus</strong></span> <span class='ocrx_word' id='word_1_108' title='bbox 744 1630 842 1705; x_wconf 91' lang='lat' dir='ltr'><strong>inane,</strong></span> 
     </span>
     <span class='ocr_line' id='line_1_18' title="bbox 157 1707 924 1788; baseline 0.008 -22"><span class='ocrx_word' id='word_1_109' title='bbox 157 1707 231 1767; x_wconf 88' lang='lat' dir='ltr'><strong>unde</strong></span> <span class='ocrx_word' id='word_1_110' title='bbox 243 1709 339 1767; x_wconf 89' lang='lat' dir='ltr'><strong>initum</strong></span> <span class='ocrx_word' id='word_1_111' title='bbox 350 1711 467 1786; x_wconf 92' lang='lat' dir='ltr'><strong>primum</strong></span> <span class='ocrx_word' id='word_1_112' title='bbox 479 1710 570 1787; x_wconf 92' lang='lat' dir='ltr'><strong>capiat</strong></span> <span class='ocrx_word' id='word_1_113' title='bbox 584 1728 631 1769; x_wconf 91' lang='lat' dir='ltr'><strong>res</strong></span> <span class='ocrx_word' id='word_1_114' title='bbox 644 1728 773 1788; x_wconf 92' lang='lat' dir='ltr'><strong>quaeque</strong></span> <span class='ocrx_word' id='word_1_115' title='bbox 784 1713 924 1772; x_wconf 89' lang='lat' dir='ltr'><strong>movendi.</strong></span> 
     </span>
     <span class='ocr_line' id='line_1_19' title="bbox 158 1791 775 1871; baseline 0.003 -20"><span class='ocrx_word' id='word_1_116' title='bbox 158 1800 303 1870; x_wconf 87' lang='lat' dir='ltr'><strong>postremo</strong></span> <span class='ocrx_word' id='word_1_117' title='bbox 318 1791 373 1850; x_wconf 90' lang='lat' dir='ltr'><strong>duo</strong></span> <span class='ocrx_word' id='word_1_118' title='bbox 386 1793 420 1851; x_wconf 91' lang='lat' dir='ltr'><strong>de</strong></span> <span class='ocrx_word' id='word_1_119' title='bbox 433 1810 573 1853; x_wconf 89' lang='lat' dir='ltr'><strong>concursu</strong></span> <span class='ocrx_word' id='word_1_120' title='bbox 586 1811 706 1871; x_wconf 85' lang='lat' dir='ltr'><strong>corpora</strong></span> <span class='ocrx_word' id='word_1_121' title='bbox 721 1794 775 1854; x_wconf 91' lang='lat' dir='ltr'><strong>lata</strong></span> 
     </span>
     <span class='ocr_line' id='line_1_20' title="bbox 93 1873 868 1956; baseline 0.001 -18"><span class='ocrx_word' id='word_1_122' title='bbox 93 1884 146 1938; x_wconf 74' lang='lat'><strong>385</strong></span> <span class='ocrx_word' id='word_1_123' title='bbox 158 1877 182 1935; x_wconf 91' lang='lat' dir='ltr'><strong>si</strong></span> <span class='ocrx_word' id='word_1_124' title='bbox 195 1876 249 1935; x_wconf 88' lang='lat' dir='ltr'><strong>cita</strong></span> <span class='ocrx_word' id='word_1_125' title='bbox 261 1873 415 1952; x_wconf 88' lang='lat' dir='ltr'><strong>dissiliant,</strong></span> <span class='ocrx_word' id='word_1_126' title='bbox 430 1895 532 1955; x_wconf 91' lang='lat' dir='ltr'><strong>nempe</strong></span> <span class='ocrx_word' id='word_1_127' title='bbox 544 1883 594 1936; x_wconf 76' lang='lat' dir='ltr'><strong>atr</strong></span> <span class='ocrx_word' id='word_1_128' title='bbox 606 1894 687 1937; x_wconf 90' lang='lat' dir='ltr'><strong>omne</strong></span> <span class='ocrx_word' id='word_1_129' title='bbox 700 1887 868 1956; x_wconf 88' lang='lat' dir='ltr'><strong>necessest,</strong></span> 
     </span>
     <span class='ocr_line' id='line_1_21' title="bbox 157 1959 775 2038; baseline 0.006 -20"><span class='ocrx_word' id='word_1_130' title='bbox 157 1961 230 2018; x_wconf 86' lang='lat' dir='ltr'><strong>inter</strong></span> <span class='ocrx_word' id='word_1_131' title='bbox 243 1975 364 2036; x_wconf 89' lang='lat' dir='ltr'><strong>corpora</strong></span> <span class='ocrx_word' id='word_1_132' title='bbox 378 1959 454 2037; x_wconf 94' lang='lat' dir='ltr'><strong>quod</strong></span> <span class='ocrx_word' id='word_1_133' title='bbox 465 1960 526 2036; x_wconf 86' lang='lat' dir='ltr'><strong>fiat,</strong></span> <span class='ocrx_word' id='word_1_134' title='bbox 539 1960 667 2038; x_wconf 89' lang='lat' dir='ltr'><strong>possidat</strong></span> <span class='ocrx_word' id='word_1_135' title='bbox 680 1964 775 2022; x_wconf 91' lang='lat' dir='ltr'><strong>inane:</strong></span> 
     </span>
     <span class='ocr_line' id='line_1_22' title="bbox 158 2042 829 2119; baseline 0.006 -20"><span class='ocrx_word' id='word_1_136' title='bbox 158 2045 182 2102; x_wconf 88' lang='lat' dir='ltr'><strong>is</strong></span> <span class='ocrx_word' id='word_1_137' title='bbox 195 2057 280 2118; x_wconf 90' lang='lat' dir='ltr'><strong>porro</strong></span> <span class='ocrx_word' id='word_1_138' title='bbox 293 2044 419 2119; x_wconf 90' lang='lat' dir='ltr'><strong>quamvis</strong></span> <span class='ocrx_word' id='word_1_139' title='bbox 433 2045 539 2102; x_wconf 88' lang='lat' dir='ltr'><strong>circum</strong></span> <span class='ocrx_word' id='word_1_140' title='bbox 552 2042 742 2103; x_wconf 86' lang='lat' dir='ltr'><strong>celerantibus</strong></span> <span class='ocrx_word' id='word_1_141' title='bbox 753 2045 829 2103; x_wconf 90' lang='lat' dir='ltr'><strong>auris</strong></span> 
     </span>
     <span class='ocr_line' id='line_1_23' title="bbox 159 2122 912 2202; baseline 0 -18"><span class='ocrx_word' id='word_1_142' title='bbox 159 2122 297 2199; x_wconf 84' lang='lat' dir='ltr'><strong>condunt,</strong></span> <span class='ocrx_word' id='word_1_143' title='bbox 310 2122 383 2182; x_wconf 87' lang='lat' dir='ltr'><strong>houd</strong></span> <span class='ocrx_word' id='word_1_144' title='bbox 395 2126 500 2200; x_wconf 88' lang='lat' dir='ltr'><strong>poterit</strong></span> <span class='ocrx_word' id='word_1_145' title='bbox 511 2134 602 2185; x_wconf 90' lang='lat' dir='ltr'><strong>tamen</strong></span> <span class='ocrx_word' id='word_1_146' title='bbox 617 2142 672 2185; x_wconf 91' lang='lat' dir='ltr'><strong>uno</strong></span> <span class='ocrx_word' id='word_1_147' title='bbox 683 2135 813 2202; x_wconf 91' lang='lat' dir='ltr'><strong>tempore</strong></span> <span class='ocrx_word' id='word_1_148' title='bbox 824 2135 912 2186; x_wconf 89' lang='lat' dir='ltr'><strong>totum</strong></span> 
     </span>
     <span class='ocr_line' id='line_1_24' title="bbox 160 2206 961 2288; baseline 0.002 -20"><span class='ocrx_word' id='word_1_149' title='bbox 160 2206 296 2285; x_wconf 88' lang='lat' dir='ltr'><strong>compleri</strong></span> <span class='ocrx_word' id='word_1_150' title='bbox 309 2208 445 2285; x_wconf 89' lang='lat' dir='ltr'><strong>spatium:</strong></span> <span class='ocrx_word' id='word_1_151' title='bbox 457 2225 518 2266; x_wconf 92' lang='lat' dir='ltr'><strong>uam</strong></span> <span class='ocrx_word' id='word_1_152' title='bbox 530 2210 647 2286; x_wconf 91' lang='lat' dir='ltr'><strong>primum</strong></span> <span class='ocrx_word' id='word_1_153' title='bbox 662 2227 803 2288; x_wconf 87' lang='lat' dir='ltr'><strong>quemque</strong></span> <span class='ocrx_word' id='word_1_154' title='bbox 814 2219 961 2270; x_wconf 81' lang='lat' dir='ltr'><strong>necesses</strong></span> 
     </span>
     <span class='ocr_line' id='line_1_25' title="bbox 91 2289 903 2369; baseline -0.004 -14"><span class='ocrx_word' id='word_1_155' title='bbox 91 2301 146 2355; x_wconf 84' lang='grc'><strong>300</strong></span> <span class='ocrx_word' id='word_1_156' title='bbox 158 2299 283 2368; x_wconf 87' lang='lat' dir='ltr'><strong>occupet</strong></span> <span class='ocrx_word' id='word_1_157' title='bbox 293 2289 343 2349; x_wconf 90' lang='lat' dir='ltr'><strong>ille</strong></span> <span class='ocrx_word' id='word_1_158' title='bbox 356 2289 466 2367; x_wconf 90' lang='lat' dir='ltr'><strong>locum,</strong></span> <span class='ocrx_word' id='word_1_159' title='bbox 479 2290 581 2352; x_wconf 90' lang='lat' dir='ltr'><strong>deinde</strong></span> <span class='ocrx_word' id='word_1_160' title='bbox 593 2294 683 2352; x_wconf 91' lang='lat' dir='ltr'><strong>omnia</strong></span> <span class='ocrx_word' id='word_1_161' title='bbox 695 2292 903 2369; x_wconf 88' lang='lat' dir='ltr'><strong>possideantur.</strong></span> 
     </span>
     <span class='ocr_line' id='line_1_26' title="bbox 158 2371 875 2454; baseline 0.006 -21"><span class='ocrx_word' id='word_1_162' title='bbox 158 2373 233 2452; x_wconf 95' lang='lat' dir='ltr'><strong>quod</strong></span> <span class='ocrx_word' id='word_1_163' title='bbox 245 2375 269 2434; x_wconf 92' lang='lat' dir='ltr'><strong>si</strong></span> <span class='ocrx_word' id='word_1_164' title='bbox 280 2374 355 2434; x_wconf 84' lang='lat' dir='ltr'><strong>forte</strong></span> <span class='ocrx_word' id='word_1_165' title='bbox 367 2371 485 2452; x_wconf 92' lang='lat' dir='ltr'><strong>aliquis,</strong></span> <span class='ocrx_word' id='word_1_166' title='bbox 499 2393 563 2435; x_wconf 92' lang='lat' dir='ltr'><strong>cum</strong></span> <span class='ocrx_word' id='word_1_167' title='bbox 575 2392 695 2454; x_wconf 91' lang='lat' dir='ltr'><strong>corpora</strong></span> <span class='ocrx_word' id='word_1_168' title='bbox 706 2376 875 2453; x_wconf 85' lang='lat' dir='ltr'><strong>dissiluere,</strong></span> 
     </span>
     <span class='ocr_line' id='line_1_27' title="bbox 157 2457 793 2538; baseline 0.003 -21"><span class='ocrx_word' id='word_1_169' title='bbox 157 2467 214 2517; x_wconf 88' lang='lat' dir='ltr'><strong>tum</strong></span> <span class='ocrx_word' id='word_1_170' title='bbox 224 2466 301 2536; x_wconf 91' lang='lat' dir='ltr'><strong>putat</strong></span> <span class='ocrx_word' id='word_1_171' title='bbox 312 2457 341 2516; x_wconf 95' lang='lat' dir='ltr'><strong>id</strong></span> <span class='ocrx_word' id='word_1_172' title='bbox 350 2458 410 2517; x_wconf 87' lang='lat' dir='ltr'><strong>fieri</strong></span> <span class='ocrx_word' id='word_1_173' title='bbox 422 2461 486 2536; x_wconf 92' lang='lat' dir='ltr'><strong>quia</strong></span> <span class='ocrx_word' id='word_1_174' title='bbox 497 2477 529 2519; x_wconf 91' lang='lat' dir='ltr'><strong>se</strong></span> <span class='ocrx_word' id='word_1_175' title='bbox 542 2458 716 2522; x_wconf 86' lang='lat' dir='ltr'><strong>condenseat</strong></span> <span class='ocrx_word' id='word_1_176' title='bbox 726 2467 793 2538; x_wconf 78' lang='lat' dir='ltr'><strong>altr,</strong></span> 
     </span>
     <span class='ocr_line' id='line_1_28' title="bbox 157 2542 872 2620; baseline 0.003 -19"><span class='ocrx_word' id='word_1_177' title='bbox 157 2551 246 2601; x_wconf 88' lang='lat' dir='ltr'><strong>errat:</strong></span> <span class='ocrx_word' id='word_1_178' title='bbox 258 2558 320 2600; x_wconf 91' lang='lat' dir='ltr'><strong>nam</strong></span> <span class='ocrx_word' id='word_1_179' title='bbox 333 2559 453 2601; x_wconf 83' lang='lat' dir='ltr'><strong>vacuum</strong></span> <span class='ocrx_word' id='word_1_180' title='bbox 464 2551 522 2602; x_wconf 90' lang='lat' dir='ltr'><strong>tum</strong></span> <span class='ocrx_word' id='word_1_181' title='bbox 533 2544 563 2604; x_wconf 89' lang='lat' dir='ltr'><strong>lit</strong></span> <span class='ocrx_word' id='word_1_182' title='bbox 574 2545 650 2620; x_wconf 91' lang='lat' dir='ltr'><strong>quod</strong></span> <span class='ocrx_word' id='word_1_183' title='bbox 661 2561 717 2603; x_wconf 96' lang='lat' dir='ltr'><strong>non</strong></span> <span class='ocrx_word' id='word_1_184' title='bbox 728 2542 781 2603; x_wconf 90' lang='lat' dir='ltr'><strong>luit</strong></span> <span class='ocrx_word' id='word_1_185' title='bbox 790 2554 872 2620; x_wconf 89' lang='lat' dir='ltr'><strong>ante,</strong></span> 
     </span>
     <span class='ocr_line' id='line_1_29' title="bbox 158 2622 860 2704; baseline 0.003 -20"><span class='ocrx_word' id='word_1_186' title='bbox 158 2633 187 2684; x_wconf 91' lang='lat' dir='ltr'><strong>et</strong></span> <span class='ocrx_word' id='word_1_187' title='bbox 199 2622 327 2701; x_wconf 90' lang='lat' dir='ltr'><strong>repletur</strong></span> <span class='ocrx_word' id='word_1_188' title='bbox 338 2625 404 2684; x_wconf 87' lang='lat' dir='ltr'><strong>item</strong></span> <span class='ocrx_word' id='word_1_189' title='bbox 417 2643 535 2686; x_wconf 86' lang='lat' dir='ltr'><strong>vacuum</strong></span> <span class='ocrx_word' id='word_1_190' title='bbox 548 2628 625 2704; x_wconf 94' lang='lat' dir='ltr'><strong>quod</strong></span> <span class='ocrx_word' id='word_1_191' title='bbox 638 2628 764 2687; x_wconf 90' lang='lat' dir='ltr'><strong>constitit</strong></span> <span class='ocrx_word' id='word_1_192' title='bbox 777 2636 860 2703; x_wconf 88' lang='lat' dir='ltr'><strong>anto,</strong></span> 
     </span>
     <span class='ocr_line' id='line_1_30' title="bbox 90 2705 736 2784; baseline -0.003 -15"><span class='ocrx_word' id='word_1_193' title='bbox 90 2715 144 2769; x_wconf 79' lang='lat'><strong>395</strong></span> <span class='ocrx_word' id='word_1_194' title='bbox 156 2724 212 2766; x_wconf 91' lang='lat' dir='ltr'><strong>nec</strong></span> <span class='ocrx_word' id='word_1_195' title='bbox 222 2705 270 2765; x_wconf 90' lang='lat' dir='ltr'><strong>tali</strong></span> <span class='ocrx_word' id='word_1_196' title='bbox 281 2709 388 2767; x_wconf 90' lang='lat' dir='ltr'><strong>ratione</strong></span> <span class='ocrx_word' id='word_1_197' title='bbox 401 2717 497 2784; x_wconf 89' lang='lat' dir='ltr'><strong>potest</strong></span> <span class='ocrx_word' id='word_1_198' title='bbox 506 2709 654 2768; x_wconf 88' lang='lat' dir='ltr'><strong>denserier</strong></span> <span class='ocrx_word' id='word_1_199' title='bbox 664 2716 736 2784; x_wconf 79' lang='lat' dir='ltr'><strong>aer,-</strong></span> 
     </span>
     <span class='ocr_line' id='line_1_31' title="bbox 157 2790 876 2869; baseline 0.001 -20"><span class='ocrx_word' id='word_1_200' title='bbox 157 2807 229 2865; x_wconf 91' lang='lat' dir='ltr'><strong>uec,</strong></span> <span class='ocrx_word' id='word_1_201' title='bbox 243 2790 266 2848; x_wconf 91' lang='lat' dir='ltr'><strong>si</strong></span> <span class='ocrx_word' id='word_1_202' title='bbox 280 2791 332 2848; x_wconf 93' lang='lat' dir='ltr'><strong>iarn</strong></span> <span class='ocrx_word' id='word_1_203' title='bbox 344 2800 461 2867; x_wconf 89' lang='lat' dir='ltr'><strong>posset,</strong></span> <span class='ocrx_word' id='word_1_204' title='bbox 474 2794 535 2850; x_wconf 90' lang='lat' dir='ltr'><strong>sine</strong></span> <span class='ocrx_word' id='word_1_205' title='bbox 547 2793 619 2849; x_wconf 93' lang='lat' dir='ltr'><strong>inani</strong></span> <span class='ocrx_word' id='word_1_206' title='bbox 631 2801 748 2869; x_wconf 89' lang='lat' dir='ltr'><strong>posset,</strong></span> <span class='ocrx_word' id='word_1_207' title='bbox 761 2793 862 2868; x_wconf 93' lang='lat' dir='ltr'><strong>opinor</strong></span> <span class='ocrx_word' id='word_1_208' title='bbox 868 2838 876 2869; x_wconf 78' lang='lat'><strong>,</strong></span> 
     </span>
     <span class='ocr_line' id='line_1_32' title="bbox 157 2870 894 2951; baseline 0.005 -20"><span class='ocrx_word' id='word_1_209' title='bbox 157 2874 222 2950; x_wconf 86' lang='lat' dir='ltr'><strong>ipse</strong></span> <span class='ocrx_word' id='word_1_210' title='bbox 234 2873 262 2930; x_wconf 92' lang='lat' dir='ltr'><strong>in</strong></span> <span class='ocrx_word' id='word_1_211' title='bbox 274 2891 308 2932; x_wconf 92' lang='lat' dir='ltr'><strong>se</strong></span> <span class='ocrx_word' id='word_1_212' title='bbox 319 2870 433 2932; x_wconf 88' lang='lat' dir='ltr'><strong>trahere</strong></span> <span class='ocrx_word' id='word_1_213' title='bbox 445 2882 474 2933; x_wconf 87' lang='lat' dir='ltr'><strong>et</strong></span> <span class='ocrx_word' id='word_1_214' title='bbox 486 2875 572 2951; x_wconf 90' lang='lat' dir='ltr'><strong>partis</strong></span> <span class='ocrx_word' id='word_1_215' title='bbox 585 2874 747 2933; x_wconf 88' lang='lat' dir='ltr'><strong>conducere</strong></span> <span class='ocrx_word' id='word_1_216' title='bbox 765 2875 792 2931; x_wconf 93' lang='lat' dir='ltr'><strong>in</strong></span> <span class='ocrx_word' id='word_1_217' title='bbox 805 2892 894 2935; x_wconf 87' lang='lat' dir='ltr'><strong>unum.</strong></span> 
     </span>
     <span class='ocr_line' id='line_1_33' title="bbox 199 2954 925 3034; baseline 0.007 -21"><span class='ocrx_word' id='word_1_218' title='bbox 199 2954 259 3028; x_wconf 82' lang='lat' dir='ltr'><strong>Qua</strong></span> <span class='ocrx_word' id='word_1_219' title='bbox 272 2964 407 3033; x_wconf 88' lang='lat' dir='ltr'><strong>propter,</strong></span> <span class='ocrx_word' id='word_1_220' title='bbox 420 2958 545 3034; x_wconf 86' lang='lat' dir='ltr'><strong>quamvis</strong></span> <span class='ocrx_word' id='word_1_221' title='bbox 558 2956 699 3017; x_wconf 89' lang='lat' dir='ltr'><strong>causando</strong></span> <span class='ocrx_word' id='word_1_222' title='bbox 709 2955 796 3017; x_wconf 91' lang='lat' dir='ltr'><strong>multa</strong></span> <span class='ocrx_word' id='word_1_223' title='bbox 805 2959 925 3018; x_wconf 87' lang='lat' dir='ltr'><strong>moreris</strong></span> 
     </span>
     <span class='ocr_line' id='line_1_34' title="bbox 157 3039 849 3100; baseline 0 0"><span class='ocrx_word' id='word_1_224' title='bbox 157 3057 223 3100; x_wconf 88' lang='lat' dir='ltr'><strong>csse</strong></span> <span class='ocrx_word' id='word_1_225' title='bbox 235 3040 264 3099; x_wconf 89' lang='lat' dir='ltr'><strong>in</strong></span> <span class='ocrx_word' id='word_1_226' title='bbox 276 3039 363 3099; x_wconf 88' lang='lat' dir='ltr'><strong>rebus</strong></span> <span class='ocrx_word' id='word_1_227' title='bbox 375 3040 456 3099; x_wconf 91' lang='lat' dir='ltr'><strong>inane</strong></span> <span class='ocrx_word' id='word_1_228' title='bbox 467 3050 560 3100; x_wconf 89' lang='lat' dir='ltr'><strong>tamen</strong></span> <span class='ocrx_word' id='word_1_229' title='bbox 572 3041 678 3100; x_wconf 91' lang='lat' dir='ltr'><strong>lateare</strong></span> <span class='ocrx_word' id='word_1_230' title='bbox 690 3049 849 3100; x_wconf 87' lang='lat' dir='ltr'><strong>necessest.</strong></span> 
     </span>
     <span class='ocr_line' id='line_1_35' title="bbox 93 3120 907 3201; baseline -0.002 -15"><span class='ocrx_word' id='word_1_231' title='bbox 93 3133 145 3186; x_wconf 78' lang='lat' dir='ltr'><strong>too</strong></span> <span class='ocrx_word' id='word_1_232' title='bbox 155 3120 297 3201; x_wconf 91' lang='lat' dir='ltr'><strong>multaque</strong></span> <span class='ocrx_word' id='word_1_233' title='bbox 309 3131 457 3199; x_wconf 85' lang='lat' dir='ltr'><strong>praeterea</strong></span> <span class='ocrx_word' id='word_1_234' title='bbox 472 3124 523 3184; x_wconf 93' lang='lat' dir='ltr'><strong>tibi</strong></span> <span class='ocrx_word' id='word_1_235' title='bbox 534 3141 650 3201; x_wconf 89' lang='lat' dir='ltr'><strong>possum</strong></span> <span class='ocrx_word' id='word_1_236' title='bbox 665 3123 907 3184; x_wconf 85' lang='lat' dir='ltr'><strong>commemorando</strong></span> 
     </span>
     <span class='ocr_line' id='line_1_36' title="bbox 156 3206 805 3284; baseline 0 -18"><span class='ocrx_word' id='word_1_237' title='bbox 156 3217 319 3284; x_wconf 88' lang='lat' dir='ltr'><strong>argumenta</strong></span> <span class='ocrx_word' id='word_1_238' title='bbox 331 3206 414 3267; x_wconf 89' lang='lat' dir='ltr'><strong>iidem</strong></span> <span class='ocrx_word' id='word_1_239' title='bbox 425 3207 508 3268; x_wconf 85' lang='lat' dir='ltr'><strong>dictis</strong></span> <span class='ocrx_word' id='word_1_240' title='bbox 521 3206 805 3274; x_wconf 75' lang='lat' dir='ltr'><strong>conraderenostris.</strong></span> 
     </span>
     <span class='ocr_line' id='line_1_37' title="bbox 155 3290 859 3369; baseline 0.001 -20"><span class='ocrx_word' id='word_1_241' title='bbox 155 3308 254 3349; x_wconf 83' lang='lat' dir='ltr'><strong>verum</strong></span> <span class='ocrx_word' id='word_1_242' title='bbox 264 3293 355 3350; x_wconf 91' lang='lat' dir='ltr'><strong>animo</strong></span> <span class='ocrx_word' id='word_1_243' title='bbox 370 3293 438 3352; x_wconf 91' lang='lat' dir='ltr'><strong>satis</strong></span> <span class='ocrx_word' id='word_1_244' title='bbox 451 3290 524 3351; x_wconf 88' lang='lat' dir='ltr'><strong>haec</strong></span> <span class='ocrx_word' id='word_1_245' title='bbox 534 3292 656 3368; x_wconf 85' lang='lat' dir='ltr'><strong>uestigia</strong></span> <span class='ocrx_word' id='word_1_246' title='bbox 668 3308 752 3369; x_wconf 85' lang='lat' dir='ltr'><strong>parua</strong></span> <span class='ocrx_word' id='word_1_247' title='bbox 763 3293 859 3368; x_wconf 79' lang='lat' dir='ltr'><strong>sagaci</strong></span> 
     </span>
     <span class='ocr_line' id='line_1_38' title="bbox 156 3376 882 3452; baseline 0.003 -18"><span class='ocrx_word' id='word_1_248' title='bbox 156 3382 238 3450; x_wconf 86' lang='lat' dir='ltr'><strong>sunt,</strong></span> <span class='ocrx_word' id='word_1_249' title='bbox 251 3390 304 3451; x_wconf 91' lang='lat' dir='ltr'><strong>per</strong></span> <span class='ocrx_word' id='word_1_250' title='bbox 317 3392 388 3452; x_wconf 90' lang='lat' dir='ltr'><strong>quae</strong></span> <span class='ocrx_word' id='word_1_251' title='bbox 400 3376 496 3452; x_wconf 89' lang='lat' dir='ltr'><strong>possis</strong></span> <span class='ocrx_word' id='word_1_252' title='bbox 508 3391 687 3451; x_wconf 80' lang='lat' dir='ltr'><strong>cognoscere</strong></span> <span class='ocrx_word' id='word_1_253' title='bbox 699 3385 795 3435; x_wconf 90' lang='lat' dir='ltr'><strong>cetera</strong></span> <span class='ocrx_word' id='word_1_254' title='bbox 806 3384 882 3436; x_wconf 87' lang='lat' dir='ltr'><strong>tute:</strong></span> 
     </span>
     <span class='ocr_line' id='line_1_39' title="bbox 155 3458 843 3537; baseline 0.006 -23"><span class='ocrx_word' id='word_1_255' title='bbox 155 3473 275 3535; x_wconf 89' lang='lat' dir='ltr'><strong>namque</strong></span> <span class='ocrx_word' id='word_1_256' title='bbox 289 3475 375 3518; x_wconf 90' lang='lat' dir='ltr'><strong>canos</strong></span> <span class='ocrx_word' id='word_1_257' title='bbox 387 3467 417 3518; x_wconf 92' lang='lat' dir='ltr'><strong>ut</strong></span> <span class='ocrx_word' id='word_1_258' title='bbox 428 3459 606 3535; x_wconf 88' lang='lat' dir='ltr'><strong>montivagae</strong></span> <span class='ocrx_word' id='word_1_259' title='bbox 616 3475 758 3537; x_wconf 86' lang='lat' dir='ltr'><strong>persaepe</strong></span> <span class='ocrx_word' id='word_1_260' title='bbox 771 3458 843 3518; x_wconf 91' lang='lat' dir='ltr'><strong>ierai</strong></span> 
     </span>
    </p>
   </div>
   <div class='ocr_carea' id='block_1_3' title="bbox 0 0 1174 3854">
    <p class='ocr_par' dir='ltr' id='par_1_3' title="bbox 0 0 1174 3854">
     <span class='ocr_line' id='line_1_40' title="bbox 0 0 1174 3854; baseline 0 1"><span class='ocrx_word' id='word_1_261' title='bbox 0 0 1174 3854; x_wconf 95' lang='lat' dir='ltr'><strong> </strong></span> 
     </span>
    </p>
   </div>
  </div>
 </body>
</html>
