2340 3854
136 185 179 248 ἃ
625 187 652 249 ll

220 353 367 415 horrorem
380 361 512 415 constare
522 353 672 415 elementis
685 354 797 415 levibus
808 372 900 434 aeque

220 455 255 498 ac
265 454 379 499 musaea
390 436 482 514 mele,
494 454 548 515 per
559 435 679 498 chordas
693 440 819 515 organici
830 456 904 517 quae

221 520 372 580 mobilibus
384 519 478 598 digitis
491 520 696 597 expergefacta
708 521 841 598 ligurant;

221 623 276 665 neu
291 602 373 664 simili
387 612 539 683 penetrare
551 612 636 682 putes
648 604 799 682 primordia
812 604 901 664 forma

158 696 209 750 415
221 691 343 748 in'nares
354 687 512 762 bominum,
526 704 590 746 cum
600 695 689 747 taetra
701 687 839 748 cadavera
851 697 978 765 torrent,

221 780 250 833 et
263 787 326 831 curn
338 788 426 831 scena
438 786 525 829 croco
540 767 623 830 Cilici
634 770 864 849 periusarecens
879 782 924 831 est

222 873 326 933 araque
339 853 503 914 Panchaeos
519 853 631 913 exhalat
644 864 764 934 propter
777 854 896 922 odorem

221 956 296 999 neve
308 937 399 998 bonos
413 954 507 996 rerum
518 936 602 998 simili
613 947 745 999 constare
758 937 872 999 colores

222 1023 329 1083 semine
342 1022 517 1098 constituas,
529 1021 631 1081 oculos
644 1024 691 1099 qui
701 1039 824 1100 pascere
836 1032 974 1100 possunt,

160 1114 211 1167 420
221 1116 250 1166 et
262 1107 310 1184 qui
322 1114 505 1184 conpungunt
519 1106 610 1164 aciem
622 1104 827 1185 lacrimareque
838 1113 945 1183 cogunt

221 1199 268 1250 aut
280 1188 365 1249 ioeda
378 1190 478 1267 specie
493 1187 546 1248 diri
560 1198 717 1268 turpesque
729 1188 867 1249 videntur.

222 1274 311 1334 onmis
325 1273 416 1349 enim,
433 1290 536 1332 sensus
548 1290 620 1352 quae
632 1271 739 1334 mulcet
750 1290 889 1352 cumque,
899 1271 1003 1352 figora

222 1359 288 1416 baut
299 1358 361 1416 sine
374 1356 534 1435 principiali
544 1356 640 1435 aliquo
652 1356 751 1418 levore
765 1365 903 1417 creatast:

221 1450 249 1500 at
265 1450 361 1500 contra
373 1456 568 1518 quaecumque
581 1441 701 1501 molesta
712 1451 797 1520 atquc
811 1457 913 1519 aspera
927 1449 1058 1520 constat,

157 1533 209 1585 445
222 1542 278 1584 non
289 1522 385 1601 aliquo
398 1525 460 1583 sine
472 1526 605 1584 materiae
620 1524 754 1602 squalore
765 1533 916 1603 repertast.

222 1616 286 1668 sunt
299 1609 382 1667 etiam
394 1624 466 1685 quae
480 1607 533 1665 iam
546 1625 601 1667 nec
614 1605 689 1667 levia
699 1610 759 1667 iure
771 1617 904 1686 putantur

221 1709 289 1752 esse
304 1709 399 1768 neque
410 1691 522 1749 omnino
537 1689 618 1751 llexis
631 1691 812 1751 mucronibus
826 1708 914 1767 unca,

221 1773 274 1837 sed
283 1777 372 1850 magis
384 1772 504 1850 angellis
517 1773 628 1851 paulum
640 1775 849 1853 prestantibus,
860 1772 943 1834 uode

221 1856 335 1917 titillare
346 1859 435 1934 magis
447 1875 550 1917 sensus
564 1875 645 1935 mam
659 1857 772 1918 laedere
785 1865 905 1936 possunt
913 1879 921 1927 ;

157 1950 209 2004 loo
221 1940 316 2002 fecula
327 1942 380 2000 iam
391 1957 448 2018 quo
459 1939 495 2000 tle
506 1959 615 2018 genere
627 1952 673 2003 est
685 1941 835 2019 inulaeque
848 1958 977 2020 sapores.

221 2026 343 2103 denique
357 2027 410 2084 iam
423 2023 530 2084 calidos
545 2026 618 2102 ignis
632 2025 811 2104 gelidamque
824 2027 949 2104 pruinam

221 2108 347 2169 dissimili
363 2109 476 2169 dentata
489 2109 573 2169 modo
589 2127 774 2189 conpungere
786 2128 888 2170 sensus

222 2194 370 2271 corporis,
382 2192 487 2252 indicio
499 2194 582 2254 nobis
594 2203 639 2254 est
653 2202 745 2254 tactus
757 2203 887 2271 uterque.

220 2285 312 2337 tactus
324 2278 413 2353 enim,
428 2283 537 2353 tactus,
551 2293 620 2355 pro,
635 2276 728 2335 divum
739 2278 849 2335 numina
863 2283 975 2352 sancta,

157 2368 208 2422 435
221 2361 351 2438 corporis
365 2369 410 2420 est
424 2377 544 2436 sensus,
556 2359 604 2419 vel
616 2377 679 2418 cum
690 2378 738 2419 res
751 2368 849 2419 extera
861 2377 929 2420 sese

220 2445 357 2518 insinuat,
371 2442 419 2502 vel
431 2458 495 2501 cum
508 2441 594 2501 laedit
609 2444 720 2522 quaein
736 2460 858 2522 corpore
870 2451 959 2503 natast

220 2536 267 2588 aut
278 2528 354 2585 iuvat
369 2525 521 2602 egrediens
535 2527 667 2602 genitalis
678 2544 732 2605 per
745 2526 867 2588 Veneris
878 2546 936 2588 res.

221 2619 305 2688 atque
322 2627 358 2669 ex
370 2609 481 2669 offensu
494 2627 557 2668 cunt
568 2609 679 2670 turbant
690 2628 813 2690 corpore
826 2613 855 2671 in
868 2614 932 2691 ipso

221 2695 343 2770 semina,
360 2692 533 2753 confundunt
544 2695 618 2754 inter
629 2713 662 2755 se
676 2698 787 2756 concita
798 2713 927 2762 sensum;

157 2785 209 2840 tao
221 2787 250 2836 ut
263 2779 287 2838 si
299 2777 373 2837 forte
384 2795 465 2837 manu
478 2780 603 2857 quamvis
616 2780 669 2837 iam
681 2781 810 2858 corporis
822 2780 886 2854 ipse

221 2870 280 2921 tute
294 2862 344 2921 tibi
357 2870 465 2940 partem
477 2861 562 2921 lenias
574 2871 659 2940 atque
671 2863 829 2939 experiare.

222 2961 277 3023 qua
288 2954 407 3023 propter
417 2943 504 3022 longe
516 2945 619 3004 formas
631 2944 735 3002 distare
748 2949 900 2998 necessest

220 3028 384 3105 principiis,
398 3030 491 3087 varios
504 3046 576 3105 quae
591 3025 701 3104 possint
713 3020 800 3078 edere
812 3035 924 3078 sensus.

263 3108 393 3186 Denique
406 3127 479 3186 quae
491 3111 573 3170 nobis
587 3107 683 3165 durata
694 3117 729 3159 ac
743 3101 836 3176 spissa
847 3098 1002 3176 videntur,-

159 3199 208 3252 445
221 3191 293 3249 haec
306 3193 395 3268 magis
406 3190 523 3253 hamatis
535 3194 609 3251 inter
619 3203 686 3246 sese
698 3199 764 3240 esse
775 3189 926 3275 necessest

222 3282 251 3333 ct
264 3275 344 3352 quasi
354 3278 472 3337 ramosis
487 3275 542 3335 alte
556 3275 700 3347 compacta
715 3270 813 3356 tenen.

221 3357 249 3414 in
261 3373 318 3433 quo
333 3358 385 3416 iam
396 3375 504 3434 genero
516 3353 650 3433 inprimis
662 3345 833 3407 adtmlffllfflt
844 3360 909 3402 saxo

220 3440 308 3516 prima
322 3441 383 3498 acie
397 3447 542 3513 constant,
556 3437 628 3494 ictus
642 3434 822 3488 contemnere
837 3437 935 3506 sueta,
