2340 3854
540 214 582 278 m

142 395 172 448 et
184 385 370 447 dominantior
380 386 417 447 ad
430 390 515 449 vitam
530 405 613 465 quani
626 389 671 449 ris
686 388 795 448 animai.

142 487 204 531 nam
216 472 277 532 sino
290 479 386 531 mente
400 474 551 550 animoque
566 474 665 550 nequit
676 472 805 534 residere
820 489 874 551 per
884 481 962 535 anuo

142 556 280 634 temporis
294 556 426 633 exiguam
436 563 546 636 partem
557 573 623 635 pars
637 555 695 615 ulla
709 558 825 635 animai,

71 645 129 700 loo
144 637 197 700 sed
207 655 305 700 comes
315 640 476 717 insequitur
487 638 574 700 iacilo
585 649 615 699 et
624 639 747 700 discedit
758 641 786 700 in
796 659 879 703 auras

68 721 70 724 ’
142 730 171 783 ot
185 721 298 801 gelidos
308 733 386 784 artus
401 724 429 782 in
443 721 494 782 leti
505 722 613 800 frigore
624 721 735 801 linquit.

141 814 170 867 at
181 815 275 867 manet
289 809 318 866 in
332 809 389 866 vita
401 809 447 867 cui
461 824 541 868 mens
552 809 720 887 animusque
731 810 874 869 remansit.

141 891 269 968 quamvis
281 899 329 951 est
343 892 449 951 circum
461 892 554 952 caesis
566 890 646 952 lacer
659 893 782 970 undique
794 893 928 956 membris

143 983 277 1053 truncus,
292 974 423 1053 adempta
437 977 526 1035 anima
540 977 648 1037 circum
659 978 852 1055 membrisque
867 989 977 1041 remota

74 1067 127 1120 405
138 1059 207 1118 vivit
222 1067 252 1118 et
265 1059 357 1120 adrias
368 1059 462 1120 vitalis
473 1060 594 1140 suscipit
605 1077 704 1122 auras:

140 1144 165 1204 ai
177 1159 233 1202 non
245 1143 429 1221 omnimodis,
441 1154 470 1205 at
484 1161 584 1220 magna
594 1154 676 1224 parte
686 1147 786 1206 animai

141 1229 267 1306 privatus
277 1272 286 1304 ,
297 1237 390 1288 umen
401 1229 430 1286 in
444 1230 501 1288 vita
514 1238 663 1288 cunctatur
677 1239 707 1289 et
717 1229 832 1293 haeret:

140 1320 187 1388 ut,
202 1309 328 1371 lacerato
341 1311 426 1371 oculo
438 1313 545 1371 circum
556 1312 581 1371 si
592 1311 699 1391 pupula
709 1314 810 1372 mansit

141 1394 308 1472 incolumis,
321 1404 377 1455 stat
389 1394 525 1455 cernundi
536 1396 629 1455 vivata
640 1404 787 1475 potestas,

74 1486 128 1540 lto
142 1478 208 1538 dum
217 1476 302 1537 modo
316 1496 353 1538 ne
365 1487 454 1539 totum
467 1495 630 1558 corrumpas
646 1479 758 1541 luminis
772 1481 889 1559 orbem,

140 1571 169 1622 et
181 1564 288 1622 circum
303 1562 406 1625 caedas
417 1564 508 1624 aciem
522 1561 669 1642 solamque
680 1564 841 1643 relinquas:

141 1645 181 1724 [id
196 1662 311 1725 quoque
323 1649 397 1707 enim
408 1649 471 1709 sine
483 1648 611 1727 pernicie
623 1665 679 1709 non
691 1649 740 1710 liet
752 1651 862 1730 eorum]

137 1740 165 1791 at
179 1731 204 1791 si
216 1730 320 1792 tantula
335 1749 402 1812 pars
416 1731 493 1793 oculi
504 1732 596 1793 media
610 1732 657 1794 illa
669 1751 772 1814 peresa
786 1744 850 1813 eat,

140 1813 245 1876 occidit
260 1817 407 1896 extemplo
419 1816 513 1877 lumen
526 1817 720 1897 tenebraeque
732 1828 877 1880 secuntur.
944 1826 946 1829 ’

73 1907 126 1960 415
141 1898 302 1977 [incolumis
318 1902 445 1980 quamvis
458 1901 564 1981 alioqui
578 1901 746 1980 splendidus
759 1903 850 1983 orbis]

138 1981 194 2042 boc
204 1984 294 2044 anima
306 1993 392 2063 atque
402 1987 509 2046 animus
520 1987 609 2046 vincti
619 1995 684 2047 sunt
699 1985 818 2047 foedere
830 2006 955 2067 semper.

179 2064 263 2126 Nunc
276 2085 349 2144 age,
364 2070 475 2128 nativos
485 2069 670 2130 animantibus
682 2078 713 2129 et
723 2069 850 2130 mortalis

138 2168 206 2211 esse
219 2151 327 2211 animos
339 2152 502 2230 animasque
518 2151 591 2212 levis
604 2161 634 2212 ut
648 2168 771 2213 noscero
784 2154 898 2233 possis,

139 2234 297 2311 conquisita
307 2233 354 2294 diu
368 2233 502 2313 dulcique
516 2245 632 2316 reperta
647 2235 747 2297 labore

67 2324 123 2380 420
137 2327 277 2398 perpetua
289 2336 407 2398 pergam
418 2318 572 2400 disponere
588 2323 709 2382 carmina
723 2322 790 2382 rita.

135 2412 165 2463 tu
177 2403 223 2464 lac
238 2412 388 2484 utrumque
398 2407 445 2465 uni
457 2405 612 2484 subiungas
628 2423 731 2467 nomen
747 2422 863 2485 eorum,

136 2496 222 2566 atque
232 2489 349 2549 animam
363 2490 445 2551 verbi
457 2508 542 2566 causa
554 2508 618 2551 cum
629 2491 728 2552 dicere
740 2509 875 2571 pergam,

135 2570 282 2632 mortalem
294 2591 362 2634 esse
374 2573 500 2652 docens,
514 2577 635 2635 animum
646 2593 762 2655 qnoque
777 2575 875 2638 dicero
888 2573 1008 2652 credas,

135 2663 274 2732 quatenus
286 2666 332 2717 est
343 2675 427 2716 unum
440 2659 514 2718 inter
524 2677 557 2719 se
570 2661 778 2738 coniunctaque
792 2679 840 2721 res
853 2669 909 2721 est.

70 2744 123 2800 abb
135 2739 275 2818 principio
291 2742 421 2817 quoniam
432 2750 546 2800 tenuem
559 2753 690 2803 constare
703 2745 816 2803 minutis

134 2821 306 2902 corporibus
317 2822 402 2883 docui
414 2823 561 2902 multoque
573 2827 728 2886 minoribus
740 2845 808 2886 osso

133 2906 281 2986 principiis
293 2906 396 2968 iactam
409 2925 491 2985 quarn
501 2907 629 2988 liquidus
640 2925 721 2969 umor
732 2912 814 2988 aquai

132 3000 180 3052 aut
191 2988 297 3053 nebula
306 3001 353 3052 aut
365 2991 477 3072 fumus,
493 2995 547 3053 iarn
559 2993 647 3072 longe
658 2993 815 3055 mobilitate

132 3085 327 3154 praestatuta
339 3079 417 3138 tenui
434 3096 519 3140 causa
530 3081 619 3157 magis
634 3080 692 3140 icta
703 3088 842 3138 movetur.

66 3163 120 3220 430
132 3158 251 3238 [quippe
264 3160 312 3221 ubi
327 3162 494 3241 imaginibus
507 3161 575 3223 lumi
586 3161 769 3241 nebulaeque
780 3163 922 3243 movetur}

132 3243 209 3321 quod
220 3263 313 3322 genus
328 3256 392 3325 est,
404 3249 511 3308 somnis
526 3249 614 3327 sopiti
628 3246 676 3307 ubi
692 3248 833 3309 ceruimus
844 3245 903 3308 alte

130 3325 264 3390 exhalare
277 3347 414 3408 vaporem
425 3331 521 3392 altaria
533 3331 669 3411 ferreque
684 3331 798 3394 iumum.

131 3410 205 3490 [nam
215 3413 318 3491 procul
330 3413 396 3476 binc
407 3416 494 3476 dubio
508 3417 592 3479 nobis
604 3416 753 3479 simulacra
764 3415 914 3498 geruntur}

126 3512 203 3555 nunc
215 3496 302 3576 igitur
315 3501 446 3578 quoniam
459 3501 598 3579 quassatis
610 3501 735 3581 undique
749 3503 827 3563 vasis
