<?xml version="1.0" encoding="UTF-8"?>
<!DOCTYPE html PUBLIC "-//W3C//DTD XHTML 1.0 Transitional//EN"
    "http://www.w3.org/TR/xhtml1/DTD/xhtml1-transitional.dtd">
<html xmlns="http://www.w3.org/1999/xhtml" xml:lang="en" lang="en">
 <head>
  <title>
</title>
<meta http-equiv="Content-Type" content="text/html;charset=utf-8" />
  <meta name='ocr-system' content='tesseract 3.04.00' />
  <meta name='ocr-capabilities' content='ocr_page ocr_carea ocr_par ocr_line ocrx_word'/>
</head>
<body>
  <div class='ocr_page' id='page_1' title='image "./dererumnaturali05carugoog_0013.png"; bbox 0 0 2340 3922; ppageno 0'>
   <div class='ocr_carea' id='block_1_1' title="bbox 134 221 744 283">
    <p class='ocr_par' dir='ltr' id='par_1_1' title="bbox 134 221 744 283">
     <span class='ocr_line' id='line_1_1' title="bbox 134 221 744 283; baseline -0.011 0"><span class='ocrx_word' id='word_1_1' title='bbox 134 243 171 283; x_wconf 74' lang='lat' dir='ltr'><strong>uu</strong></span> <span class='ocrx_word' id='word_1_2' title='bbox 530 221 744 279; x_wconf 76' lang='lat' dir='ltr'><strong>PRAEFATIO.</strong></span> 
     </span>
    </p>
   </div>
   <div class='ocr_carea' id='block_1_2' title="bbox 134 387 1136 1130">
    <p class='ocr_par' dir='ltr' id='par_1_2' title="bbox 134 387 1136 1130">
     <span class='ocr_line' id='line_1_2' title="bbox 136 387 1134 462; baseline -0.001 -14"><span class='ocrx_word' id='word_1_3' title='bbox 136 393 294 450; x_wconf 83' lang='lat' dir='ltr'><strong>emendatio</strong></span> <span class='ocrx_word' id='word_1_4' title='bbox 303 389 487 458; x_wconf 85' lang='lat' dir='ltr'><strong>Lachmanni,</strong></span> <span class='ocrx_word' id='word_1_5' title='bbox 506 389 553 461; x_wconf 92' lang='lat' dir='ltr'><strong>qui</strong></span> <span class='ocrx_word' id='word_1_6' title='bbox 564 389 597 458; x_wconf 93' lang='lat' dir='ltr'><strong>ll,</strong></span> <span class='ocrx_word' id='word_1_7' title='bbox 608 393 661 448; x_wconf 75' lang='lat'><strong>515</strong></span> <span class='ocrx_word' id='word_1_8' title='bbox 676 387 805 444; x_wconf 89' lang='lat' dir='ltr'><strong>codicum</strong></span> <span class='ocrx_word' id='word_1_9' title='bbox 815 388 962 462; x_wconf 62' lang='lat' dir='ltr'><strong>miroque</strong></span> <span class='ocrx_word' id='word_1_10' title='bbox 972 389 1094 447; x_wconf 86' lang='lat' dir='ltr'><strong>correxit</strong></span> <span class='ocrx_word' id='word_1_11' title='bbox 1104 391 1134 447; x_wconf 91' lang='lat' dir='ltr'><strong>in</strong></span> 
     </span>
     <span class='ocr_line' id='line_1_3' title="bbox 134 470 1136 550; baseline -0.003 -18"><span class='ocrx_word' id='word_1_12' title='bbox 134 482 290 550; x_wconf 78' lang='lat' dir='ltr'><strong>clerusque.</strong></span> <span class='ocrx_word' id='word_1_13' title='bbox 322 475 366 529; x_wconf 86' lang='lat' dir='ltr'><strong>Ex</strong></span> <span class='ocrx_word' id='word_1_14' title='bbox 374 472 536 529; x_wconf 85' lang='lat' dir='ltr'><strong>huiusmodi</strong></span> <span class='ocrx_word' id='word_1_15' title='bbox 551 471 636 543; x_wconf 81' lang='lat' dir='ltr'><strong>igitur</strong></span> <span class='ocrx_word' id='word_1_16' title='bbox 651 470 756 527; x_wconf 86' lang='lat' dir='ltr'><strong>mendo</strong></span> <span class='ocrx_word' id='word_1_17' title='bbox 773 472 797 527; x_wconf 90' lang='lat' dir='ltr'><strong>si</strong></span> <span class='ocrx_word' id='word_1_18' title='bbox 808 473 917 544; x_wconf 75' lang='lat' dir='ltr'><strong>priores</strong></span> <span class='ocrx_word' id='word_1_19' title='bbox 933 473 1008 530; x_wconf 90' lang='lat' dir='ltr'><strong>duae</strong></span> <span class='ocrx_word' id='word_1_20' title='bbox 1026 474 1136 530; x_wconf 82' lang='lat' dir='ltr'><strong>litterae</strong></span> 
     </span>
     <span class='ocr_line' id='line_1_4' title="bbox 135 555 1135 631; baseline -0.002 -17"><span class='ocrx_word' id='word_1_21' title='bbox 135 561 164 614; x_wconf 90' lang='lat' dir='ltr'><strong>in</strong></span> <span class='ocrx_word' id='word_1_22' title='bbox 175 555 405 631; x_wconf 64' lang='lat' dir='ltr'><strong>lTASl&#39;ATUAS</strong></span> <span class='ocrx_word' id='word_1_23' title='bbox 422 563 500 628; x_wconf 77' lang='lat' dir='ltr'><strong>ortae</strong></span> <span class='ocrx_word' id='word_1_24' title='bbox 511 561 592 625; x_wconf 89' lang='lat' dir='ltr'><strong>suut,</strong></span> <span class='ocrx_word' id='word_1_25' title='bbox 607 555 688 611; x_wconf 81' lang='lat' dir='ltr'><strong>facile</strong></span> <span class='ocrx_word' id='word_1_26' title='bbox 708 555 774 610; x_wconf 90' lang='lat' dir='ltr'><strong>inde</strong></span> <span class='ocrx_word' id='word_1_27' title='bbox 793 555 822 610; x_wconf 94' lang='lat' dir='ltr'><strong>id</strong></span> <span class='ocrx_word' id='word_1_28' title='bbox 836 557 1006 612; x_wconf 84' lang='lat' dir='ltr'><strong>vocabulum</strong></span> <span class='ocrx_word' id='word_1_29' title='bbox 1017 558 1135 626; x_wconf 77' lang='lat' dir='ltr'><strong>elicitur,</strong></span> 
     </span>
     <span class='ocr_line' id='line_1_5' title="bbox 136 638 1135 713; baseline -0.002 -15"><span class='ocrx_word' id='word_1_30' title='bbox 136 643 212 713; x_wconf 92' lang='lat' dir='ltr'><strong>quod</strong></span> <span class='ocrx_word' id='word_1_31' title='bbox 229 643 257 697; x_wconf 94' lang='lat' dir='ltr'><strong>in</strong></span> <span class='ocrx_word' id='word_1_32' title='bbox 274 657 389 700; x_wconf 89' lang='lat' dir='ltr'><strong>versum</strong></span> <span class='ocrx_word' id='word_1_33' title='bbox 398 644 434 697; x_wconf 71' lang='lat' dir='ltr'><strong>li</strong></span> <span class='ocrx_word' id='word_1_34' title='bbox 449 638 614 695; x_wconf 69' lang='lat' dir='ltr'><strong>asciscimus</strong></span> <span class='ocrx_word' id='word_1_35' title='bbox 633 639 689 694; x_wconf 71' lang='lat' dir='ltr'><strong>sica</strong></span> <span class='ocrx_word' id='word_1_36' title='bbox 710 638 835 695; x_wconf 67' lang='lat' dir='ltr'><strong>subsidii</strong></span> <span class='ocrx_word' id='word_1_37' title='bbox 849 643 956 712; x_wconf 70' lang='lat' dir='ltr'><strong>magnis</strong></span> <span class='ocrx_word' id='word_1_38' title='bbox 973 638 1135 697; x_wconf 82' lang='lat' dir='ltr'><strong>hastatis</strong></span> 
     </span>
     <span class='ocr_line' id='line_1_6' title="bbox 135 723 1135 783; baseline -0.004 -1"><span class='ocrx_word' id='word_1_39' title='bbox 135 726 326 783; x_wconf 65' lang='lat' dir='ltr'><strong>emaceratos.</strong></span> <span class='ocrx_word' id='word_1_40' title='bbox 358 725 415 780; x_wconf 86' lang='lat' dir='ltr'><strong>lam</strong></span> <span class='ocrx_word' id='word_1_41' title='bbox 425 739 495 781; x_wconf 92' lang='lat' dir='ltr'><strong>vero</strong></span> <span class='ocrx_word' id='word_1_42' title='bbox 504 737 621 778; x_wconf 88' lang='lat' dir='ltr'><strong>mancus</strong></span> <span class='ocrx_word' id='word_1_43' title='bbox 632 723 723 778; x_wconf 85' lang='lat' dir='ltr'><strong>evasit</strong></span> <span class='ocrx_word' id='word_1_44' title='bbox 733 723 802 778; x_wconf 88' lang='lat' dir='ltr'><strong>alter</strong></span> <span class='ocrx_word' id='word_1_45' title='bbox 813 739 914 780; x_wconf 86' lang='lat' dir='ltr'><strong>versus</strong></span> <span class='ocrx_word' id='word_1_46' title='bbox 927 727 972 782; x_wconf 75' lang='lat'><strong>43.</strong></span> <span class='ocrx_word' id='word_1_47' title='bbox 1003 723 1077 779; x_wconf 87' lang='lat' dir='ltr'><strong>Eum</strong></span> <span class='ocrx_word' id='word_1_48' title='bbox 1088 725 1135 779; x_wconf 81' lang='lat' dir='ltr'><strong>vix</strong></span> 
     </span>
     <span class='ocr_line' id='line_1_7' title="bbox 136 805 1136 881; baseline -0.001 -17"><span class='ocrx_word' id='word_1_49' title='bbox 136 809 227 881; x_wconf 89' lang='lat' dir='ltr'><strong>aptius</strong></span> <span class='ocrx_word' id='word_1_50' title='bbox 244 816 312 881; x_wconf 87' lang='lat' dir='ltr'><strong>puto</strong></span> <span class='ocrx_word' id='word_1_51' title='bbox 332 808 457 879; x_wconf 89' lang='lat' dir='ltr'><strong>suppleri</strong></span> <span class='ocrx_word' id='word_1_52' title='bbox 473 822 560 879; x_wconf 87' lang='lat' dir='ltr'><strong>posse</strong></span> <span class='ocrx_word' id='word_1_53' title='bbox 578 821 663 877; x_wconf 86' lang='lat' dir='ltr'><strong>quam</strong></span> <span class='ocrx_word' id='word_1_54' title='bbox 683 805 759 861; x_wconf 86' lang='lat' dir='ltr'><strong>idem</strong></span> <span class='ocrx_word' id='word_1_55' title='bbox 784 808 951 863; x_wconf 90' lang='lat' dir='ltr'><strong>vocabulum</strong></span> <span class='ocrx_word' id='word_1_56' title='bbox 968 807 1051 863; x_wconf 88' lang='lat' dir='ltr'><strong>etiam</strong></span> <span class='ocrx_word' id='word_1_57' title='bbox 1071 814 1136 878; x_wconf 89' lang='lat' dir='ltr'><strong>post</strong></span> 
     </span>
     <span class='ocr_line' id='line_1_8' title="bbox 135 889 1136 964; baseline -0.003 -15"><span class='ocrx_word' id='word_1_58' title='bbox 135 895 223 949; x_wconf 71' lang='lat' dir='ltr'><strong>armas</strong></span> <span class='ocrx_word' id='word_1_59' title='bbox 233 891 366 964; x_wconf 89' lang='lat' dir='ltr'><strong>ponendo</strong></span> <span class='ocrx_word' id='word_1_60' title='bbox 378 890 529 961; x_wconf 89' lang='lat' dir='ltr'><strong>quodcum</strong></span> <span class='ocrx_word' id='word_1_61' title='bbox 540 891 678 944; x_wconf 81' lang='lat' dir='ltr'><strong>animatas</strong></span> <span class='ocrx_word' id='word_1_62' title='bbox 694 889 835 945; x_wconf 88' lang='lat' dir='ltr'><strong>coniunxit</strong></span> <span class='ocrx_word' id='word_1_63' title='bbox 845 890 1001 946; x_wconf 68' lang='lat' dir='ltr'><strong>Lucrauusz</strong></span> <span class='ocrx_word' id='word_1_64' title='bbox 1020 896 1136 947; x_wconf 82' lang='lat' dir='ltr'><strong>amotas</strong></span> 
     </span>
     <span class='ocr_line' id='line_1_9' title="bbox 135 974 1136 1048; baseline -0.004 -16"><span class='ocrx_word' id='word_1_65' title='bbox 135 978 222 1032; x_wconf 81' lang='lat' dir='ltr'><strong>armis</strong></span> <span class='ocrx_word' id='word_1_66' title='bbox 239 977 378 1048; x_wconf 89' lang='lat' dir='ltr'><strong>pariter</strong></span> <span class='ocrx_word' id='word_1_67' title='bbox 389 975 553 1046; x_wconf 75' lang='lat' dir='ltr'><strong>pariterque</strong></span> <span class='ocrx_word' id='word_1_68' title='bbox 571 974 721 1042; x_wconf 77' lang='lat' dir='ltr'><strong>minutas,</strong></span> <span class='ocrx_word' id='word_1_69' title='bbox 748 988 803 1044; x_wconf 92' lang='lat' dir='ltr'><strong>quo</strong></span> <span class='ocrx_word' id='word_1_70' title='bbox 823 974 950 1046; x_wconf 80' lang='lat' dir='ltr'><strong>legiones</strong></span> <span class='ocrx_word' id='word_1_71' title='bbox 968 989 1026 1030; x_wconf 92' lang='lat' dir='ltr'><strong>uon</strong></span> <span class='ocrx_word' id='word_1_72' title='bbox 1043 974 1136 1030; x_wconf 89' lang='lat' dir='ltr'><strong>minus</strong></span> 
     </span>
     <span class='ocr_line' id='line_1_10' title="bbox 137 1056 746 1130; baseline -0.007 -15"><span class='ocrx_word' id='word_1_73' title='bbox 137 1061 229 1116; x_wconf 88' lang='lat' dir='ltr'><strong>animo</strong></span> <span class='ocrx_word' id='word_1_74' title='bbox 243 1058 421 1130; x_wconf 85' lang='lat' dir='ltr'><strong>quamarmis</strong></span> <span class='ocrx_word' id='word_1_75' title='bbox 432 1072 523 1128; x_wconf 55' lang='lat' dir='ltr'><strong>pares¹</strong></span> <span class='ocrx_word' id='word_1_76' title='bbox 531 1072 596 1112; x_wconf 88' lang='lat' dir='ltr'><strong>esse</strong></span> <span class='ocrx_word' id='word_1_77' title='bbox 608 1056 746 1116; x_wconf 89' lang='lat' dir='ltr'><strong>dicuntur.</strong></span> 
     </span>
    </p>
   </div>
   <div class='ocr_carea' id='block_1_3' title="bbox 136 1309 1137 2718">
    <p class='ocr_par' dir='ltr' id='par_1_3' title="bbox 136 1309 1133 1466">
     <span class='ocr_line' id='line_1_11' title="bbox 198 1309 1133 1383; baseline -0.001 -16"><span class='ocrx_word' id='word_1_78' title='bbox 198 1311 295 1367; x_wconf 79' lang='lat' dir='ltr'><strong>Restat</strong></span> <span class='ocrx_word' id='word_1_79' title='bbox 308 1315 337 1365; x_wconf 93' lang='lat' dir='ltr'><strong>ut</strong></span> <span class='ocrx_word' id='word_1_80' title='bbox 348 1309 469 1365; x_wconf 89' lang='lat' dir='ltr'><strong>indicem</strong></span> <span class='ocrx_word' id='word_1_81' title='bbox 484 1309 642 1383; x_wconf 84' lang='lat' dir='ltr'><strong>signorum,</strong></span> <span class='ocrx_word' id='word_1_82' title='bbox 662 1311 761 1383; x_wconf 89' lang='lat' dir='ltr'><strong>quibus</strong></span> <span class='ocrx_word' id='word_1_83' title='bbox 775 1328 843 1366; x_wconf 91' lang='lat' dir='ltr'><strong>usus</strong></span> <span class='ocrx_word' id='word_1_84' title='bbox 861 1327 938 1381; x_wconf 90' lang='lat' dir='ltr'><strong>sum,</strong></span> <span class='ocrx_word' id='word_1_85' title='bbox 955 1309 1133 1383; x_wconf 85' lang='lat' dir='ltr'><strong>significatio·</strong></span> 
     </span>
     <span class='ocr_line' id='line_1_12' title="bbox 136 1392 527 1466; baseline -0.005 -15"><span class='ocrx_word' id='word_1_86' title='bbox 136 1412 197 1451; x_wconf 88' lang='lat' dir='ltr'><strong>nes.</strong></span> <span class='ocrx_word' id='word_1_87' title='bbox 228 1395 271 1452; x_wconf 88' lang='lat' dir='ltr'><strong>Ac</strong></span> <span class='ocrx_word' id='word_1_88' title='bbox 281 1393 402 1466; x_wconf 89' lang='lat' dir='ltr'><strong>primum</strong></span> <span class='ocrx_word' id='word_1_89' title='bbox 413 1392 527 1465; x_wconf 91' lang='lat' dir='ltr'><strong>quidem</strong></span> 
     </span>
    </p>

    <p class='ocr_par' dir='ltr' id='par_1_4' title="bbox 137 1474 1136 1636">
     <span class='ocr_line' id='line_1_13' title="bbox 199 1474 1136 1552; baseline 0.002 -21"><span class='ocrx_word' id='word_1_90' title='bbox 199 1474 233 1552; x_wconf 80' lang='lat' dir='ltr'><strong>[J</strong></span> <span class='ocrx_word' id='word_1_91' title='bbox 247 1477 324 1532; x_wconf 92' lang='lat' dir='ltr'><strong>uncis</strong></span> <span class='ocrx_word' id='word_1_92' title='bbox 350 1476 527 1532; x_wconf 91' lang='lat' dir='ltr'><strong>includuntur</strong></span> <span class='ocrx_word' id='word_1_93' title='bbox 545 1478 653 1546; x_wconf 92' lang='lat' dir='ltr'><strong>omnia,</strong></span> <span class='ocrx_word' id='word_1_94' title='bbox 671 1493 744 1549; x_wconf 88' lang='lat' dir='ltr'><strong>quae</strong></span> <span class='ocrx_word' id='word_1_95' title='bbox 756 1479 936 1552; x_wconf 87' lang='lat' dir='ltr'><strong>interpolator</strong></span> <span class='ocrx_word' id='word_1_96' title='bbox 954 1477 1027 1546; x_wconf 92' lang='lat' dir='ltr'><strong>(vid.</strong></span> <span class='ocrx_word' id='word_1_97' title='bbox 1049 1492 1136 1549; x_wconf 90' lang='lat' dir='ltr'><strong>supra</strong></span> 
     </span>
     <span class='ocr_line' id='line_1_14' title="bbox 137 1559 1011 1636; baseline 0 -21"><span class='ocrx_word' id='word_1_98' title='bbox 137 1580 166 1636; x_wconf 89' lang='lat' dir='ltr'><strong>p.</strong></span> <span class='ocrx_word' id='word_1_99' title='bbox 181 1562 241 1629; x_wconf 89' lang='lat' dir='ltr'><strong>Vl.)</strong></span> <span class='ocrx_word' id='word_1_100' title='bbox 252 1561 299 1618; x_wconf 89' lang='lat' dir='ltr'><strong>vel</strong></span> <span class='ocrx_word' id='word_1_101' title='bbox 311 1559 409 1615; x_wconf 90' lang='lat' dir='ltr'><strong>alienis</strong></span> <span class='ocrx_word' id='word_1_102' title='bbox 420 1560 489 1615; x_wconf 87' lang='lat' dir='ltr'><strong>locis</strong></span> <span class='ocrx_word' id='word_1_103' title='bbox 501 1560 611 1619; x_wconf 83' lang='lat' dir='ltr'><strong>iteravit</strong></span> <span class='ocrx_word' id='word_1_104' title='bbox 619 1562 665 1616; x_wconf 92' lang='lat' dir='ltr'><strong>vel</strong></span> <span class='ocrx_word' id='word_1_105' title='bbox 676 1560 738 1633; x_wconf 89' lang='lat' dir='ltr'><strong>ipse</strong></span> <span class='ocrx_word' id='word_1_106' title='bbox 751 1562 877 1618; x_wconf 82' lang='lat' dir='ltr'><strong>coniecit</strong></span> <span class='ocrx_word' id='word_1_107' title='bbox 903 1560 1011 1616; x_wconf 85' lang='lat' dir='ltr'><strong>Deinde</strong></span> 
     </span>
    </p>

    <p class='ocr_par' dir='ltr' id='par_1_5' title="bbox 136 1639 1137 2382">
     <span class='ocr_line' id='line_1_15' title="bbox 215 1639 1135 1722; baseline 0 -24"><span class='ocrx_word' id='word_1_108' title='bbox 215 1639 229 1722; x_wconf 78' lang='grc' dir='ltr'>Η</span> <span class='ocrx_word' id='word_1_109' title='bbox 255 1643 364 1700; x_wconf 88' lang='lat' dir='ltr'><strong>lineolis</strong></span> <span class='ocrx_word' id='word_1_110' title='bbox 379 1643 408 1698; x_wconf 89' lang='lat' dir='ltr'><strong>in</strong></span> <span class='ocrx_word' id='word_1_111' title='bbox 426 1643 510 1698; x_wconf 86' lang='lat' dir='ltr'><strong>initiis</strong></span> <span class='ocrx_word' id='word_1_112' title='bbox 536 1650 563 1700; x_wconf 90' lang='lat' dir='ltr'><strong>et</strong></span> <span class='ocrx_word' id='word_1_113' title='bbox 579 1645 608 1699; x_wconf 90' lang='lat' dir='ltr'><strong>in</strong></span> <span class='ocrx_word' id='word_1_114' title='bbox 623 1642 725 1701; x_wconf 88' lang='lat' dir='ltr'><strong>finibus</strong></span> <span class='ocrx_word' id='word_1_115' title='bbox 745 1651 875 1699; x_wconf 86' lang='lat' dir='ltr'><strong>notantur</strong></span> <span class='ocrx_word' id='word_1_116' title='bbox 899 1660 950 1698; x_wconf 87' lang='lat' dir='ltr'><strong>eac</strong></span> <span class='ocrx_word' id='word_1_117' title='bbox 972 1644 1135 1714; x_wconf 81' lang='lat' dir='ltr'><strong>particulae,</strong></span> 
     </span>
     <span class='ocr_line' id='line_1_16' title="bbox 137 1726 1136 1800; baseline -0.001 -17"><span class='ocrx_word' id='word_1_118' title='bbox 137 1745 207 1800; x_wconf 87' lang='lat' dir='ltr'><strong>quas</strong></span> <span class='ocrx_word' id='word_1_119' title='bbox 225 1727 335 1799; x_wconf 81' lang='lat' dir='ltr'><strong>scripsit</strong></span> <span class='ocrx_word' id='word_1_120' title='bbox 349 1727 462 1799; x_wconf 91' lang='lat' dir='ltr'><strong>quidem</strong></span> <span class='ocrx_word' id='word_1_121' title='bbox 476 1727 619 1784; x_wconf 88' lang='lat' dir='ltr'><strong>Lucretius</strong></span> <span class='ocrx_word' id='word_1_122' title='bbox 636 1727 689 1783; x_wconf 89' lang='lat' dir='ltr'><strong>sed</strong></span> <span class='ocrx_word' id='word_1_123' title='bbox 704 1726 850 1785; x_wconf 88' lang='lat' dir='ltr'><strong>seiunctim</strong></span> <span class='ocrx_word' id='word_1_124' title='bbox 869 1742 887 1782; x_wconf 91' lang='lat' dir='ltr'><strong>a</strong></span> <span class='ocrx_word' id='word_1_125' title='bbox 904 1727 1034 1781; x_wconf 80' lang='lat' dir='ltr'><strong>carminis</strong></span> <span class='ocrx_word' id='word_1_126' title='bbox 1049 1727 1136 1782; x_wconf 92' lang='lat' dir='ltr'><strong>conti·</strong></span> 
     </span>
     <span class='ocr_line' id='line_1_17' title="bbox 138 1808 1136 1883; baseline -0.003 -16"><span class='ocrx_word' id='word_1_127' title='bbox 138 1813 240 1867; x_wconf 86' lang='lat' dir='ltr'><strong>nullate</strong></span> <span class='ocrx_word' id='word_1_128' title='bbox 260 1811 289 1866; x_wconf 92' lang='lat' dir='ltr'><strong>in</strong></span> <span class='ocrx_word' id='word_1_129' title='bbox 307 1811 495 1883; x_wconf 82' lang='lat' dir='ltr'><strong>singularibus</strong></span> <span class='ocrx_word' id='word_1_130' title='bbox 512 1810 654 1868; x_wconf 84' lang='lat' dir='ltr'><strong>schedulis</strong></span> <span class='ocrx_word' id='word_1_131' title='bbox 674 1811 863 1883; x_wconf 74' lang='lat' dir='ltr'><strong>consignavit.</strong></span> <span class='ocrx_word' id='word_1_132' title='bbox 902 1808 959 1864; x_wconf 85' lang='lat' dir='ltr'><strong>Eas</strong></span> <span class='ocrx_word' id='word_1_133' title='bbox 976 1808 1009 1877; x_wconf 81' lang='lat' dir='ltr'><strong>Q.</strong></span> <span class='ocrx_word' id='word_1_134' title='bbox 1027 1808 1136 1878; x_wconf 81' lang='lat' dir='ltr'><strong>Cicero,</strong></span> 
     </span>
     <span class='ocr_line' id='line_1_18' title="bbox 137 1893 1136 1967; baseline -0.003 -17"><span class='ocrx_word' id='word_1_135' title='bbox 137 1896 184 1966; x_wconf 90' lang='lat' dir='ltr'><strong>qui</strong></span> <span class='ocrx_word' id='word_1_136' title='bbox 201 1900 266 1966; x_wconf 88' lang='lat' dir='ltr'><strong>post</strong></span> <span class='ocrx_word' id='word_1_137' title='bbox 279 1899 381 1967; x_wconf 71' lang='lat' dir='ltr'><strong>poetae</strong></span> <span class='ocrx_word' id='word_1_138' title='bbox 396 1905 513 1951; x_wconf 89' lang='lat' dir='ltr'><strong>mortem</strong></span> <span class='ocrx_word' id='word_1_139' title='bbox 530 1910 643 1951; x_wconf 88' lang='lat' dir='ltr'><strong>carmen</strong></span> <span class='ocrx_word' id='word_1_140' title='bbox 658 1894 852 1950; x_wconf 88' lang='lat' dir='ltr'><strong>Lucretianum</strong></span> <span class='ocrx_word' id='word_1_141' title='bbox 873 1893 974 1962; x_wconf 81' lang='lat' dir='ltr'><strong>edidit,</strong></span> <span class='ocrx_word' id='word_1_142' title='bbox 995 1893 1033 1948; x_wconf 92' lang='lat' dir='ltr'><strong>ibi</strong></span> <span class='ocrx_word' id='word_1_143' title='bbox 1049 1894 1136 1949; x_wconf 91' lang='lat' dir='ltr'><strong>collo-</strong></span> 
     </span>
     <span class='ocr_line' id='line_1_19' title="bbox 137 1975 1137 2050; baseline -0.004 -16"><span class='ocrx_word' id='word_1_144' title='bbox 137 1979 211 2035; x_wconf 90' lang='lat' dir='ltr'><strong>cavit</strong></span> <span class='ocrx_word' id='word_1_145' title='bbox 222 1994 277 2049; x_wconf 90' lang='lat' dir='ltr'><strong>quo</strong></span> <span class='ocrx_word' id='word_1_146' title='bbox 289 1979 429 2050; x_wconf 88' lang='lat' dir='ltr'><strong>pertinere</strong></span> <span class='ocrx_word' id='word_1_147' title='bbox 440 1977 616 2047; x_wconf 86' lang='lat' dir='ltr'><strong>videbantur,</strong></span> <span class='ocrx_word' id='word_1_148' title='bbox 628 1993 721 2050; x_wconf 91' lang='lat' dir='ltr'><strong>neque</strong></span> <span class='ocrx_word' id='word_1_149' title='bbox 731 1983 824 2033; x_wconf 89' lang='lat' dir='ltr'><strong>tamen</strong></span> <span class='ocrx_word' id='word_1_150' title='bbox 832 1975 959 2048; x_wconf 81' lang='lat' dir='ltr'><strong>effugere</strong></span> <span class='ocrx_word' id='word_1_151' title='bbox 971 1976 1060 2048; x_wconf 90' lang='lat' dir='ltr'><strong>potuit</strong></span> <span class='ocrx_word' id='word_1_152' title='bbox 1070 1976 1137 2047; x_wconf 92' lang='lat' dir='ltr'><strong>quin</strong></span> 
     </span>
     <span class='ocr_line' id='line_1_20' title="bbox 136 2061 1136 2134; baseline -0.003 -16"><span class='ocrx_word' id='word_1_153' title='bbox 136 2063 299 2134; x_wconf 85' lang='lat' dir='ltr'><strong>interrumpi</strong></span> <span class='ocrx_word' id='word_1_154' title='bbox 313 2062 489 2134; x_wconf 85' lang='lat' dir='ltr'><strong>aequabilem</strong></span> <span class='ocrx_word' id='word_1_155' title='bbox 501 2061 630 2117; x_wconf 85' lang='lat' dir='ltr'><strong>carminis</strong></span> <span class='ocrx_word' id='word_1_156' title='bbox 645 2067 771 2117; x_wconf 86' lang='lat' dir='ltr'><strong>tenorem</strong></span> <span class='ocrx_word' id='word_1_157' title='bbox 781 2061 843 2116; x_wconf 87' lang='lat' dir='ltr'><strong>talis</strong></span> <span class='ocrx_word' id='word_1_158' title='bbox 856 2061 942 2117; x_wconf 90' lang='lat' dir='ltr'><strong>lector</strong></span> <span class='ocrx_word' id='word_1_159' title='bbox 955 2061 1056 2115; x_wconf 89' lang='lat' dir='ltr'><strong>sentiat</strong></span> <span class='ocrx_word' id='word_1_160' title='bbox 1067 2076 1136 2130; x_wconf 90' lang='lat' dir='ltr'><strong>qua·</strong></span> 
     </span>
     <span class='ocr_line' id='line_1_21' title="bbox 136 2143 1137 2216; baseline -0.005 -14"><span class='ocrx_word' id='word_1_161' title='bbox 136 2147 169 2202; x_wconf 91' lang='lat' dir='ltr'><strong>lis</strong></span> <span class='ocrx_word' id='word_1_162' title='bbox 182 2147 231 2200; x_wconf 81' lang='lat' dir='ltr'><strong>luit</strong></span> <span class='ocrx_word' id='word_1_163' title='bbox 244 2145 453 2214; x_wconf 87' lang='lat' dir='ltr'><strong>Lachrnannus,</strong></span> <span class='ocrx_word' id='word_1_164' title='bbox 472 2146 519 2216; x_wconf 92' lang='lat' dir='ltr'><strong>qui</strong></span> <span class='ocrx_word' id='word_1_165' title='bbox 540 2145 652 2215; x_wconf 90' lang='lat' dir='ltr'><strong>quidem</strong></span> <span class='ocrx_word' id='word_1_166' title='bbox 669 2145 698 2199; x_wconf 91' lang='lat' dir='ltr'><strong>in</strong></span> <span class='ocrx_word' id='word_1_167' title='bbox 717 2144 775 2200; x_wconf 91' lang='lat' dir='ltr'><strong>istis</strong></span> <span class='ocrx_word' id='word_1_168' title='bbox 791 2144 934 2216; x_wconf 89' lang='lat' dir='ltr'><strong>particulis</strong></span> <span class='ocrx_word' id='word_1_169' title='bbox 948 2143 1137 2216; x_wconf 76' lang='lat' dir='ltr'><strong>segregandis</strong></span> 
     </span>
     <span class='ocr_line' id='line_1_22' title="bbox 136 2227 1135 2300; baseline -0.004 -16"><span class='ocrx_word' id='word_1_170' title='bbox 136 2230 175 2284; x_wconf 90' lang='lat' dir='ltr'><strong>ita</strong></span> <span class='ocrx_word' id='word_1_171' title='bbox 189 2235 317 2286; x_wconf 86' lang='lat' dir='ltr'><strong>versatus</strong></span> <span class='ocrx_word' id='word_1_172' title='bbox 331 2233 388 2297; x_wconf 88' lang='lat' dir='ltr'><strong>est,</strong></span> <span class='ocrx_word' id='word_1_173' title='bbox 407 2234 436 2282; x_wconf 92' lang='lat' dir='ltr'><strong>ut</strong></span> <span class='ocrx_word' id='word_1_174' title='bbox 449 2229 608 2284; x_wconf 90' lang='lat' dir='ltr'><strong>nesciamus</strong></span> <span class='ocrx_word' id='word_1_175' title='bbox 619 2232 710 2283; x_wconf 88' lang='lat' dir='ltr'><strong>utrum</strong></span> <span class='ocrx_word' id='word_1_176' title='bbox 721 2229 902 2300; x_wconf 85' lang='lat' dir='ltr'><strong>sagacitatem</strong></span> <span class='ocrx_word' id='word_1_177' title='bbox 913 2228 1003 2300; x_wconf 87' lang='lat' dir='ltr'><strong>magis</strong></span> <span class='ocrx_word' id='word_1_178' title='bbox 1014 2227 1135 2283; x_wconf 90' lang='lat' dir='ltr'><strong>admire-</strong></span> 
     </span>
     <span class='ocr_line' id='line_1_23' title="bbox 136 2310 643 2382; baseline -0.004 -14"><span class='ocrx_word' id='word_1_179' title='bbox 136 2329 198 2368; x_wconf 92' lang='lat' dir='ltr'><strong>mur</strong></span> <span class='ocrx_word' id='word_1_180' title='bbox 212 2329 248 2367; x_wconf 89' lang='lat' dir='ltr'><strong>an</strong></span> <span class='ocrx_word' id='word_1_181' title='bbox 259 2311 480 2382; x_wconf 87' lang='lat' dir='ltr'><strong>temperantiam.</strong></span> <span class='ocrx_word' id='word_1_182' title='bbox 516 2310 643 2382; x_wconf 87' lang='lat' dir='ltr'><strong>Denique</strong></span> 
     </span>
    </p>

    <p class='ocr_par' dir='ltr' id='par_1_6' title="bbox 137 2394 1137 2718">
     <span class='ocr_line' id='line_1_24' title="bbox 201 2394 1137 2464; baseline -0.004 -13"><span class='ocrx_word' id='word_1_183' title='bbox 201 2411 235 2451; x_wconf 89' lang='lat' dir='ltr'><strong>ea</strong></span> <span class='ocrx_word' id='word_1_184' title='bbox 251 2395 404 2461; x_wconf 90' lang='lat' dir='ltr'><strong>vocabula,</strong></span> <span class='ocrx_word' id='word_1_185' title='bbox 424 2409 497 2464; x_wconf 87' lang='lat' dir='ltr'><strong>quae</strong></span> <span class='ocrx_word' id='word_1_186' title='bbox 518 2409 576 2449; x_wconf 91' lang='lat' dir='ltr'><strong>non</strong></span> <span class='ocrx_word' id='word_1_187' title='bbox 595 2395 749 2450; x_wconf 83' lang='lat' dir='ltr'><strong>exstantia</strong></span> <span class='ocrx_word' id='word_1_188' title='bbox 768 2394 911 2451; x_wconf 91' lang='lat' dir='ltr'><strong>codicibus</strong></span> <span class='ocrx_word' id='word_1_189' title='bbox 926 2394 979 2450; x_wconf 91' lang='lat' dir='ltr'><strong>sed</strong></span> <span class='ocrx_word' id='word_1_190' title='bbox 994 2395 1041 2450; x_wconf 91' lang='lat' dir='ltr'><strong>vel</strong></span> <span class='ocrx_word' id='word_1_191' title='bbox 1058 2408 1137 2448; x_wconf 89' lang='lat' dir='ltr'><strong>asu-</strong></span> 
     </span>
     <span class='ocr_line' id='line_1_25' title="bbox 137 2476 1137 2552; baseline -0.005 -17"><span class='ocrx_word' id='word_1_192' title='bbox 137 2479 294 2552; x_wconf 90' lang='lat' dir='ltr'><strong>perioribus</strong></span> <span class='ocrx_word' id='word_1_193' title='bbox 307 2477 459 2533; x_wconf 86' lang='lat' dir='ltr'><strong>editoribus</strong></span> <span class='ocrx_word' id='word_1_194' title='bbox 470 2479 517 2534; x_wconf 88' lang='lat' dir='ltr'><strong>vel</strong></span> <span class='ocrx_word' id='word_1_195' title='bbox 532 2476 738 2534; x_wconf 80' lang='lat' dir='ltr'><strong>abachmanno</strong></span> <span class='ocrx_word' id='word_1_196' title='bbox 753 2481 799 2536; x_wconf 92' lang='lat' dir='ltr'><strong>vel</strong></span> <span class='ocrx_word' id='word_1_197' title='bbox 815 2495 831 2534; x_wconf 92' lang='lat' dir='ltr'><strong>a</strong></span> <span class='ocrx_word' id='word_1_198' title='bbox 846 2494 890 2533; x_wconf 90' lang='lat' dir='ltr'><strong>me</strong></span> <span class='ocrx_word' id='word_1_199' title='bbox 903 2478 1137 2550; x_wconf 81' lang='lat' dir='ltr'><strong>excogitatarum</strong></span> 
     </span>
     <span class='ocr_line' id='line_1_26' title="bbox 137 2560 1136 2634; baseline -0.005 -16"><span class='ocrx_word' id='word_1_200' title='bbox 137 2562 174 2618; x_wconf 95' lang='lat' dir='ltr'><strong>ad</strong></span> <span class='ocrx_word' id='word_1_201' title='bbox 191 2560 344 2633; x_wconf 80' lang='lat' dir='ltr'><strong>explendas</strong></span> <span class='ocrx_word' id='word_1_202' title='bbox 362 2561 566 2617; x_wconf 86' lang='lat' dir='ltr'><strong>versiculorum</strong></span> <span class='ocrx_word' id='word_1_203' title='bbox 583 2577 745 2632; x_wconf 86' lang='lat' dir='ltr'><strong>mensuras,</strong></span> <span class='ocrx_word' id='word_1_204' title='bbox 767 2565 890 2631; x_wconf 85' lang='lat' dir='ltr'><strong>cursivo,</strong></span> <span class='ocrx_word' id='word_1_205' title='bbox 916 2561 993 2634; x_wconf 88' lang='lat' dir='ltr'><strong>quod</strong></span> <span class='ocrx_word' id='word_1_206' title='bbox 1009 2566 1136 2629; x_wconf 88' lang='lat' dir='ltr'><strong>vocatur,</strong></span> 
     </span>
     <span class='ocr_line' id='line_1_27' title="bbox 137 2641 1137 2718; baseline -0.006 -16"><span class='ocrx_word' id='word_1_207' title='bbox 137 2648 289 2702; x_wconf 80' lang='lat' dir='ltr'><strong>litterarum</strong></span> <span class='ocrx_word' id='word_1_208' title='bbox 299 2659 401 2716; x_wconf 71' lang='lat' dir='ltr'><strong>genere</strong></span> <span class='ocrx_word' id='word_1_209' title='bbox 417 2646 601 2717; x_wconf 80' lang='lat' dir='ltr'><strong>exprimenda</strong></span> <span class='ocrx_word' id='word_1_210' title='bbox 612 2646 719 2717; x_wconf 89' lang='lat' dir='ltr'><strong>curavi,</strong></span> <span class='ocrx_word' id='word_1_211' title='bbox 737 2662 773 2702; x_wconf 91' lang='lat' dir='ltr'><strong>ne</strong></span> <span class='ocrx_word' id='word_1_212' title='bbox 784 2647 904 2718; x_wconf 87' lang='lat' dir='ltr'><strong>amplius</strong></span> <span class='ocrx_word' id='word_1_213' title='bbox 919 2641 1137 2716; x_wconf 85' lang='lat' dir='ltr'><strong>lexicographos</strong></span> 
     </span>
    </p>
   </div>
   <div class='ocr_carea' id='block_1_4' title="bbox 53 2728 487 2801">
    <p class='ocr_par' dir='ltr' id='par_1_7' title="bbox 53 2728 487 2801">
     <span class='ocr_line' id='line_1_28' title="bbox 53 2728 487 2801; baseline -0.002 -16"><span class='ocrx_word' id='word_1_214' title='bbox 53 2782 56 2795; x_wconf 80' lang='grc'><strong>,</strong></span> <span class='ocrx_word' id='word_1_215' title='bbox 136 2728 371 2801; x_wconf 80' lang='lat' dir='ltr'><strong>grammaticosve</strong></span> <span class='ocrx_word' id='word_1_216' title='bbox 383 2729 487 2784; x_wconf 83' lang='lat' dir='ltr'><strong>fallant.</strong></span> 
     </span>
    </p>
   </div>
   <div class='ocr_carea' id='block_1_5' title="bbox 137 2811 1139 3137">
    <p class='ocr_par' dir='ltr' id='par_1_8' title="bbox 137 2811 1139 3137">
     <span class='ocr_line' id='line_1_29' title="bbox 198 2811 1137 2886; baseline -0.004 -20"><span class='ocrx_word' id='word_1_217' title='bbox 198 2813 347 2867; x_wconf 88' lang='lat' dir='ltr'><strong>Praeterea</strong></span> <span class='ocrx_word' id='word_1_218' title='bbox 359 2827 421 2867; x_wconf 92' lang='lat' dir='ltr'><strong>cum</strong></span> <span class='ocrx_word' id='word_1_219' title='bbox 433 2811 480 2882; x_wconf 88' lang='lat' dir='ltr'><strong>IV,</strong></span> <span class='ocrx_word' id='word_1_220' title='bbox 494 2817 563 2871; x_wconf 77' lang='lat'>1122</span> <span class='ocrx_word' id='word_1_221' title='bbox 578 2813 707 2869; x_wconf 88' lang='lat' dir='ltr'><strong>codicum</strong></span> <span class='ocrx_word' id='word_1_222' title='bbox 719 2814 883 2886; x_wconf 87' lang='lat' dir='ltr'><strong>scripturam</strong></span> <span class='ocrx_word' id='word_1_223' title='bbox 895 2812 1028 2869; x_wconf 68' lang='lat' dir='ltr'><strong>allamma</strong></span> <span class='ocrx_word' id='word_1_224' title='bbox 1040 2825 1137 2864; x_wconf 91' lang='lat' dir='ltr'><strong>nemo·</strong></span> 
     </span>
     <span class='ocr_line' id='line_1_30' title="bbox 139 2883 1138 2966; baseline -0.006 -14"><span class='ocrx_word' id='word_1_225' title='bbox 139 2896 204 2952; x_wconf 90' lang='lat' dir='ltr'><strong>dum</strong></span> <span class='ocrx_word' id='word_1_226' title='bbox 227 2895 423 2966; x_wconf 85' lang='lat' dir='ltr'><strong>explicaverit,</strong></span> <span class='ocrx_word' id='word_1_227' title='bbox 448 2895 666 2952; x_wconf 88' lang='lat' dir='ltr'><strong>Lachmanniaui</strong></span> <span class='ocrx_word' id='word_1_228' title='bbox 691 2903 782 2954; x_wconf 81' lang='lat' dir='ltr'><strong>artem</strong></span> <span class='ocrx_word' id='word_1_229' title='bbox 800 2898 906 2956; x_wconf 90' lang='lat' dir='ltr'><strong>inventi</strong></span> <span class='ocrx_word' id='word_1_230' title='bbox 929 2883 1081 2951; x_wconf 75' lang='lat' dir='ltr'><strong>diedecima</strong></span> <span class='ocrx_word' id='word_1_231' title='bbox 1100 2908 1138 2947; x_wconf 88' lang='lat' dir='ltr'><strong>ne</strong></span> 
     </span>
     <span class='ocr_line' id='line_1_31' title="bbox 137 2977 1139 3052; baseline -0.003 -18"><span class='ocrx_word' id='word_1_232' title='bbox 137 2977 274 3034; x_wconf 87' lang='lat' dir='ltr'><strong>Graecum</strong></span> <span class='ocrx_word' id='word_1_233' title='bbox 292 2979 405 3050; x_wconf 89' lang='lat' dir='ltr'><strong>quidem</strong></span> <span class='ocrx_word' id='word_1_234' title='bbox 424 2982 582 3052; x_wconf 86' lang='lat' dir='ltr'><strong>exemplum</strong></span> <span class='ocrx_word' id='word_1_235' title='bbox 600 2983 685 3035; x_wconf 90' lang='lat' dir='ltr'><strong>ullum</strong></span> <span class='ocrx_word' id='word_1_236' title='bbox 697 2982 868 3050; x_wconf 85' lang='lat' dir='ltr'><strong>inveniatur,</strong></span> <span class='ocrx_word' id='word_1_237' title='bbox 885 2980 971 3035; x_wconf 88' lang='lat' dir='ltr'><strong>satius</strong></span> <span class='ocrx_word' id='word_1_238' title='bbox 984 2978 1077 3036; x_wconf 89' lang='lat' dir='ltr'><strong>visum</strong></span> <span class='ocrx_word' id='word_1_239' title='bbox 1095 2981 1139 3033; x_wconf 84' lang='lat' dir='ltr'><strong>cst</strong></span> 
     </span>
     <span class='ocr_line' id='line_1_32' title="bbox 137 3061 998 3137; baseline 0.002 -21"><span class='ocrx_word' id='word_1_240' title='bbox 137 3062 265 3119; x_wconf 88' lang='lat' dir='ltr'><strong>codicum</strong></span> <span class='ocrx_word' id='word_1_241' title='bbox 280 3064 447 3135; x_wconf 88' lang='lat' dir='ltr'><strong>scripturam</strong></span> <span class='ocrx_word' id='word_1_242' title='bbox 457 3064 590 3120; x_wconf 67' lang='lat' dir='ltr'><strong>addaram</strong></span> <span class='ocrx_word' id='word_1_243' title='bbox 601 3063 734 3120; x_wconf 85' lang='lat' dir='ltr'><strong>exhibere</strong></span> <span class='ocrx_word' id='word_1_244' title='bbox 749 3072 814 3120; x_wconf 91' lang='lat' dir='ltr'><strong>nota</strong></span> <span class='ocrx_word' id='word_1_245' title='bbox 827 3061 998 3137; x_wconf 79' lang='lat' dir='ltr'><strong>†apposita.</strong></span> 
     </span>
    </p>
   </div>
   <div class='ocr_carea' id='block_1_6' title="bbox 198 3175 778 3237">
    <p class='ocr_par' dir='ltr' id='par_1_9' title="bbox 198 3175 778 3237">
     <span class='ocr_line' id='line_1_33' title="bbox 198 3175 778 3237; baseline -0.002 -3"><span class='ocrx_word' id='word_1_246' title='bbox 198 3175 258 3234; x_wconf 86' lang='lat' dir='ltr'><strong>Ser.</strong></span> <span class='ocrx_word' id='word_1_247' title='bbox 271 3176 387 3234; x_wconf 89' lang='lat' dir='ltr'><strong>Bonnae</strong></span> <span class='ocrx_word' id='word_1_248' title='bbox 400 3195 437 3233; x_wconf 87' lang='lat' dir='ltr'><strong>m.</strong></span> <span class='ocrx_word' id='word_1_249' title='bbox 448 3177 547 3234; x_wconf 86' lang='lat' dir='ltr'><strong>Martio</strong></span> <span class='ocrx_word' id='word_1_250' title='bbox 560 3192 588 3237; x_wconf 86' lang='lat' dir='ltr'><strong>a.</strong></span> <span class='ocrx_word' id='word_1_251' title='bbox 603 3177 778 3235; x_wconf 76' lang='lat' dir='ltr'><strong>macconi.</strong></span> 
     </span>
    </p>
   </div>
   <div class='ocr_carea' id='block_1_7' title="bbox 0 0 1176 3922">
    <p class='ocr_par' dir='ltr' id='par_1_10' title="bbox 0 0 1176 3922">
     <span class='ocr_line' id='line_1_34' title="bbox 0 0 1176 3922; baseline 0 0"><span class='ocrx_word' id='word_1_252' title='bbox 0 0 1176 3922; x_wconf 95' lang='lat' dir='ltr'><strong> </strong></span> 
     </span>
    </p>
   </div>
  </div>
 </body>
</html>
