2340 3922
133 174 175 241 68
611 179 654 243 Ill

217 350 293 411 utilis
305 350 465 411 invenietur
476 358 506 409 et
519 358 680 428 opportuna
691 347 807 410 uluehlt.

216 433 289 495 haee
305 451 420 513 quoque
435 451 484 494 res
494 434 578 493 etiam
589 441 715 492 naturam
725 431 840 493 dedieat
850 432 931 513 eins,

218 536 302 597 quam
312 519 390 578 tenui
403 526 516 578 constet
527 525 658 594 textura,
671 534 812 596 quamque
824 516 892 580 loeo
902 539 939 582 se

153 612 206 665 ²10
217 604 360 663 contiueat
372 619 477 681 parve,
491 602 515 662 si
529 601 623 680 possit
635 599 863 681 conglomerati,

218 684 294 765 quud
305 684 387 746 simul
399 695 485 763 atque
500 682 642 744 hominem
652 683 702 744 leti
714 703 818 747 seeum
832 688 916 766 quies
927 700 974 751 ess

217 770 333 848 indepta
343 779 429 848 atque
441 770 523 830 animi
535 775 633 828 natura
643 770 810 846 animaeque
821 773 963 851 sesessit,

217 852 257 914 nil
270 855 309 913 ibi
321 851 437 914 libatum
452 852 488 913 de
499 860 561 913 tots
574 868 698 930 corpore
711 870 812 913 cernas

217 938 252 999 ad
264 939 410 1017 speciem,
422 936 462 996 nil
473 935 509 996 ad
520 935 648 1016 pondus:
659 953 736 997 murs
751 940 843 999 omnia
854 950 998 1022 praestat,

152 1031 203 1083 215
214 1020 330 1083 vitalem
341 1030 457 1099 praeter
469 1038 586 1081 sensum
597 1018 775 1098 calidumque
788 1039 933 1102 vaporem.

218 1123 290 1184 ergo
305 1107 422 1165 animam
433 1114 520 1165 tutam
531 1105 682 1184 perparvis
694 1123 762 1165 esse
774 1117 932 1168 necessest

217 1189 389 1266 seminibus,
400 1207 502 1250 nexam
513 1207 566 1268 per
577 1206 665 1249 veuas
676 1189 922 1262 uiscerationem

217 1284 373 1352 quatenus,
386 1275 477 1333 omnis
488 1274 536 1332 ubi
548 1274 705 1333 etatulam
719 1290 844 1354 corpore
855 1277 964 1354 pessit,

216 1360 321 1419 extima
331 1358 521 1419 membrorum
534 1359 772 1418 circumcaesura
783 1367 923 1420 tamense

154 1452 206 1504 tto
217 1441 389 1503 ineolumem
401 1451 528 1522 praestat
539 1459 595 1502 nee
607 1441 675 1502 defit
686 1441 822 1520 ponderis
833 1441 929 1502 hilum.

216 1526 292 1603 quod
306 1543 398 1604 genus
410 1535 474 1602 est,
485 1524 591 1586 Baeelni
603 1543 667 1586 eum
679 1524 733 1585 dos
745 1529 875 1606 evanuit,
888 1536 936 1588 ant
946 1545 1013 1590 eum

217 1611 333 1689 spiritus
346 1611 483 1689 unguenti
494 1611 590 1671 suavis
603 1607 713 1686 diffugit
725 1611 753 1668 in
763 1627 863 1689 auras,

216 1703 262 1754 aut
273 1694 368 1772 aliquo
381 1712 443 1755 eum
455 1695 508 1754 iam
520 1710 606 1755 sucus
621 1693 657 1754 de
670 1711 793 1773 corpore
806 1695 911 1757 eessit:

216 1777 254 1837 nil
268 1776 359 1839 oeulis
371 1787 464 1838 umen
479 1797 547 1839 esse
559 1779 650 1837 minor
660 1795 708 1838 res
720 1779 782 1856 ipsa
793 1778 906 1839 uidetur

151 1872 202 1924 225
215 1871 369 1942 propterea
378 1880 474 1942 neque
489 1862 645 1923 detractum
657 1859 693 1921 de
709 1860 837 1940 pondere
850 1865 1019 1945 quiequam,

214 1948 357 2024 nimirum,
371 1947 435 2024 quia
450 1945 536 2007 multa
546 1947 707 2024 minutaque
720 1949 826 2006 semina
838 1964 925 2009 suess
1002 1992 1005 1999 -

215 2030 342 2093 eilieiunt
353 2040 382 2092 et
394 2030 512 2092 odorem
526 2032 628 2091 intuto
642 2046 765 2109 corpure
777 2034 828 2091 rei.

215 2133 302 2193 quare
314 2115 399 2176 etiam
413 2124 499 2194 atque
511 2115 595 2175 etiam
606 2115 708 2175 mentis
720 2124 845 2175 naturam
856 2117 1022 2194 animaeque

215 2201 291 2261 seire
303 2198 373 2259 lieet
383 2217 521 2280 perquam
532 2197 665 2278 pauxillis
680 2217 749 2260 esse
761 2208 885 2260 creatam

150 2292 202 2346 230
217 2284 388 2360 seminibus,
402 2285 533 2363 quonlam
543 2282 658 2359 fugiens
670 2281 708 2341 uil
721 2283 856 2362 ponderis
870 2283 972 2344 aufert.

256 2365 319 2427 Nee
330 2376 424 2427 tameu
435 2366 507 2426 haee
518 2364 641 2445 simplex
652 2367 735 2427 nubis
747 2377 845 2429 natura
856 2367 978 2447 putanda
990 2377 1047 2432 est.

214 2452 308 2511 tenvis
320 2450 394 2510 euim
407 2449 544 2529 quaedam
554 2450 738 2512 moribundus
750 2452 857 2513 deserit
866 2470 933 2512 aura

215 2536 300 2594 mixta
310 2549 437 2613 vapore,
450 2551 541 2613 vapor
554 2551 641 2613 pomo
652 2535 736 2596 trahit
750 2542 816 2595 adra
831 2554 939 2597 seeum.

215 2636 270 2678 nes
282 2615 362 2678 ealon
376 2627 421 2679 est
434 2620 599 2698 quisquam,
613 2621 659 2680 uui
673 2636 730 2679 non
741 2621 778 2682 sit
788 2621 892 2680 mixtus
904 2628 935 2679 et
946 2637 1009 2683 ser:

150 2711 202 2765 235
215 2720 276 2764 rara
288 2701 365 2781 quod
377 2704 438 2764 eius
451 2704 523 2763 euim
537 2713 648 2765 constat
657 2713 771 2782 natura,
785 2712 938 2765 necessest

214 2789 289 2848 ae‘ris
301 2789 375 2847 inter
386 2805 450 2848 eum
461 2788 612 2866 primordia
623 2787 710 2848 mults
723 2789 842 2848 moveri.

214 2873 266 2931 lam
280 2870 387 2951 triplex
397 2873 479 2931 animi
493 2880 538 2932 est
549 2874 635 2950 igitur
646 2881 742 2932 natura
752 2881 882 2952 reperta:

214 2974 268 3015 uec
279 2964 372 3016 tamen
385 2954 459 3017 haec
473 2966 517 3017 sat
527 2954 637 3017 suntad
651 2974 766 3016 sensum
779 2963 880 3016 cuneta
891 2955 1060 3028 creandum

212 3038 251 3098 nil
262 3039 362 3099 horum
374 3041 505 3118 quoniam
515 3041 617 3117 recipit
628 3056 675 3099 res
688 3057 777 3118 posse
790 3056 890 3100 ereure

149 3131 201 3186 ato
212 3124 370 3184 sensiferos
381 3134 493 3202 motus,
506 3122 618 3203 quidam
633 3123 709 3201 quod
719 3121 944 3183 manticulautur.

213 3216 311 3284 quarta
324 3223 439 3284 quoque
450 3207 495 3269 his
507 3209 593 3286 igitur
603 3205 740 3286 quaedam
751 3217 848 3267 natura
859 3217 1013 3268 necessest

211 3290 399 3351 adtribuatur:
415 3299 477 3351 east
490 3293 602 3352 omnino
613 3292 733 3352 nominis
746 3308 870 3371 expers;

213 3392 267 3451 qua
277 3391 372 3452 neque
383 3374 516 3437 mobilius
530 3378 682 3456 quiequam
693 3393 788 3452 neque
799 3377 912 3437 tenvius
923 3383 1036 3455 exstat,

211 3473 264 3517 nee
278 3458 368 3535 magis
381 3477 398 3519 e
410 3459 505 3538 parvis
520 3469 550 3520 et
559 3458 672 3522 levibns
683 3468 728 3522 est
738 3459 904 3532 elementis;
