2340 3854
140 187 184 253 0⁰
622 186 664 248 ιιι

224 355 373 438 particulis
384 351 512 416 animas?
525 365 598 416 ates
610 356 719 416 ratione
734 362 873 435 aequem

225 460 308 503 unam
318 441 488 502 animantem
500 440 607 501 animas
619 437 754 501 babuisse
765 441 795 500 in
806 455 931 518 corpore
941 441 1059 508 multus.

158 535 211 592 666
222 543 294 604 ergo
306 524 424 586 disisam
437 539 472 584 ea
486 540 560 603 quae
571 523 624 584 iuit
634 540 688 584 una
698 522 783 584 simul
798 541 864 584 oum

226 626 364 689 corpore;
380 618 556 688 quapropter
565 606 685 669 mortale
696 616 847 687 utrumque
861 608 1064 691 putandumst,

226 695 254 754 in
267 693 371 754 multas
384 694 515 772 quoniam
526 694 615 771 partis
629 691 777 753 disciditur
788 709 893 770 aeque.

267 777 419 840 Praeterea
431 779 455 838 si
469 775 624 838 inmortalis
634 784 731 838 natura
742 778 842 837 animai

225 871 338 924 constat
349 869 379 923 et
390 863 420 922 ln
429 878 536 941 corpus
549 861 735 923 nascentibus
744 861 917 940 insinuatur,

160 955 215 1010 670
226 966 277 1009 cur
291 964 379 1025 super
392 955 459 1007 unte
469 953 561 1006 aotam
571 954 695 1006 nentem
705 946 870 1007 meminisse
879 947 1050 1027 nequimus,

224 1050 281 1092 noo
292 1031 414 1108 vestigia
424 1038 569 1108 gesturum
583 1046 678 1090 rerum
692 1027 750 1089 ulla
760 1025 913 1091 tenemus?

224 1134 288 1176 narn
302 1116 327 1175 si
336 1123 415 1175 tanto
427 1123 546 1194 operest
556 1115 639 1173 animi
649 1123 754 1175 mutata
767 1123 913 1193 potestas,

225 1201 317 1260 omnis
330 1208 361 1259 ut
376 1207 502 1260 actarum
513 1197 654 1258 exciderit
664 1199 817 1258 retinentia
826 1215 938 1276 rerum,

225 1300 299 1364 non,
314 1293 344 1344 ut
359 1285 477 1363 opinor,
489 1283 519 1343 id
528 1301 545 1344 a
555 1281 615 1343 leto
626 1283 680 1342 iam
693 1280 819 1359 longiter
830 1291 921 1351 errat;

162 1375 215 1432 676
226 1377 403 1448 quapropter
412 1368 520 1428 fateare
535 1376 686 1428 necessest
698 1384 771 1444 quae
782 1365 835 1426 luit
846 1376 912 1428 ante

225 1455 387 1530 interiisse,
403 1462 433 1513 et
443 1469 516 1530 quae
528 1469 603 1511 nuno
614 1460 661 1511 est
675 1469 750 1512 nunc
762 1469 830 1512 esse
845 1459 979 1513 creatum.

267 1537 420 1597 Praeterea
435 1538 459 1596 si
473 1538 528 1595 iam
541 1534 673 1615 perfeeto
686 1551 809 1613 corpore
821 1535 906 1598 nobis

225 1620 323 1681 inlerri
338 1619 449 1681 solitast
460 1621 543 1680 animi
555 1621 647 1680 vivata
658 1628 789 1698 potestus

224 1714 284 1765 tuns
297 1722 361 1764 curn
371 1705 513 1783 gignimur
524 1713 554 1764 et
565 1705 640 1764 vitae
653 1721 718 1763 cum
728 1701 816 1763 limen
827 1704 945 1782 inimus,
1054 1712 1061 1721 '

158 1798 211 1853 660
221 1788 296 1850 baud
306 1790 345 1849 ita
358 1789 547 1848 conveniebat
557 1789 597 1848 uti
610 1805 674 1849 cum
687 1804 809 1866 corpore
824 1798 854 1849 et
867 1805 923 1848 una

225 1891 290 1935 eunt
304 1872 440 1933 membris
453 1871 583 1932 videatur
592 1872 620 1931 in
631 1872 696 1951 ipso
709 1873 846 1949 sauguine
858 1890 978 1952 cresse,

225 1956 278 2020 sed
292 1954 371 2017 velut
382 1959 411 2016 in
422 1974 510 2018 cavea
520 1973 574 2035 per
584 1975 617 2016 se
632 1957 687 2017 sibi
700 1958 799 2017 vivere
811 1956 909 2017 solam.

226 2043 374 2122 [convenit
385 2052 417 2103 ut
429 2060 517 2103 sensu
531 2058 638 2120 corpus
651 2049 744 2102 tannen
754 2040 852 2102 effluat
863 2041 960 2122 omne]

226 2127 302 2207 quod
314 2126 475 2211 lieritotum
488 2136 585 2187 contra
598 2126 747 2186 manifesta
759 2125 846 2187 docet
855 2144 920 2187 res:

160 2219 212 2274 685
223 2230 345 2290 namque
356 2213 394 2271 ita
406 2229 517 2273 conexa
528 2221 574 2272 est
586 2227 739 2290 perrenae
750 2211 978 2274 visceranervos

225 2314 366 2373 ossaque,
378 2297 419 2355 uti
431 2295 534 2356 dentes
546 2313 662 2373 quoque
674 2312 761 2355 seusu
773 2297 993 2374 participentur:

224 2397 336 2440 morsus
348 2387 377 2439 ut
389 2379 510 2456 indicat,
523 2388 553 2438 et
564 2378 669 2458 gelidai
682 2380 806 2456 stringor
815 2382 915 2459 aquai,

226 2474 256 2524 et
270 2463 343 2541 lapis
356 2480 531 2543 oppressus,
546 2463 632 2524 subiit
645 2464 668 2523 si
681 2481 697 2522 e
712 2463 862 2543 frugibus,
877 2483 972 2545 asper.

225 2566 312 2626 quare
324 2550 408 2608 etiam
420 2557 506 2626 atque
521 2548 606 2608 otiam
620 2565 715 2624 neque
729 2550 847 2626 originis
859 2569 927 2611 esse
939 2549 1126 2629 putandumst

161 2640 213 2695 600
224 2633 353 2711 expertis
364 2633 470 2694 animas
481 2650 536 2693 nec
548 2631 598 2692 leti
610 2632 678 2710 lege
690 2632 814 2694 solutus:

224 2735 287 2777 nam
298 2734 393 2795 neque
405 2724 484 2777 tanto
498 2735 590 2796 opere
602 2717 715 2778 aduecti
727 2720 856 2798 potuisse
870 2718 1053 2798 putandumst

225 2801 397 2879 corporibus
411 2804 516 2863 nostris
529 2804 710 2863 extrinsecus
721 2805 893 2882 insinuatas,

223 2904 296 2962 nee,
308 2895 364 2946 tam
377 2895 529 2947 contextae
545 2905 609 2948 cum
625 2889 698 2964 sint,
715 2888 795 2947 exire
807 2887 939 2947 ridentur

224 2968 383 3032 incolumes
395 2986 483 3047 posse
496 2979 525 3031 ei
537 2968 630 3032 salvas
642 2969 796 3031 exsolvere
812 2989 879 3031 sese

160 3066 211 3123 695
223 3053 353 3117 omnibus
365 3073 382 3113 e
394 3056 490 3115 nervis
500 3063 586 3133 utque
598 3051 712 3113 ossibus
723 3052 918 3132 articulisque.

223 3137 299 3218 quod
313 3139 337 3196 si
350 3136 426 3196 lorte
437 3148 521 3214 putas
532 3139 713 3197 extrinsecus
725 3138 891 3198 insinuatam

223 3238 389 3300 permanare
401 3223 519 3281 unimam
533 3221 616 3282 nobis
629 3239 681 3298 per
692 3219 817 3282 membra
831 3221 945 3301 solere,

222 3313 300 3365 tanto
316 3306 421 3383 quique
434 3307 524 3382 magis
539 3324 604 3366 cum
620 3322 743 3384 corpore
757 3306 820 3368 lusu
833 3308 953 3388 peribit:

224 3387 299 3467 quod
312 3397 457 3465 permanat
469 3390 544 3449 euim
556 3389 735 3470 dissolvitur,
751 3392 847 3455 interit
859 3411 940 3474 ergo.

68 3476 72 3483 ’
158 3483 211 3540 700
222 3472 387 3549 dispertitus
401 3475 475 3533 enirn
490 3492 544 3554 per
555 3475 652 3537 caulas
664 3479 795 3558 corporis
805 3480 898 3543 omnis
969 3493 973 3500 ·
