2340 3922
554 194 597 256 Ν

156 365 185 427 id
197 365 272 445 quod
283 365 431 443 providet,
442 362 521 424 illius
531 366 575 424 rei
586 372 698 424 constat
708 365 812 441 imago.

158 467 229 527 ergo
239 448 346 508 animus
358 466 422 509 cum
432 466 502 509 sese
512 449 550 508 ita
561 458 723 510 commovet
733 457 765 507 ut
774 447 846 507 velit
857 449 899 508 irc

156 535 242 611 inque
252 530 351 610 gredi,
363 531 429 591 ierit
440 531 588 610 externplo
599 551 672 610 quae
683 532 712 591 in
724 548 848 610 corpore
858 541 941 610 toto,

90 625 145 681 885
157 634 211 697 per
221 615 346 675 membra
355 623 442 693 atque
452 624 548 691 artus,
559 616 659 674 animai
671 613 770 675 dissita
780 618 826 676 ris
836 626 897 677 est:

157 709 187 760 et
197 697 311 760 facilest
321 698 415 775 iactu,
428 699 560 776 quoniam
571 700 722 758 coniuncta
733 707 855 758 tenetur.

158 783 222 842 indo
234 801 268 843 ca
278 798 421 860 proporro
433 797 539 860 corpus
550 781 635 860 ierit,
647 791 734 861 atquc
743 784 783 843 ita
792 792 852 843 tota

157 865 290 946 paulatim
302 863 394 926 moles
406 865 579 944 protruditur
590 875 676 946 atquc
687 875 827 927 movetur.

157 959 308 1029 praeterea
318 958 376 1008 tum
386 950 506 1009 rarescit
517 967 632 1029 quoque
644 967 768 1030 corpus,
781 961 811 1013 et
822 951 891 1029 air,

91 1043 146 1099 890
158 1031 290 1109 scilicet,
302 1041 332 1092 ιιι
343 1032 431 1093 debet
441 1034 489 1112 qui
500 1052 617 1113 semper
626 1035 740 1096 mobilis
751 1044 849 1112 extat,

157 1135 210 1196 per
219 1115 361 1195 patefacta
371 1118 450 1177 venit
459 1127 649 1198 penetratque
660 1118 797 1180 foramina
808 1118 924 1196 largus,

158 1209 188 1261 et
199 1200 370 1278 dispargitur
380 1201 415 1260 ad
426 1204 514 1279 partis
525 1203 564 1262 itu
575 1220 704 1281 quasque
714 1204 835 1262 minutas

158 1285 296 1362 corporis.
308 1283 355 1342 hic
366 1285 452 1361 igitur
460 1285 548 1345 rebus
560 1286 590 1345 lit
601 1287 741 1364 utrimque
752 1283 878 1363 duabus,

157 1384 256 1443 acque
266 1366 301 1425 id
311 1375 341 1426 ut
352 1384 387 1426 ac
397 1369 476 1427 navis
486 1368 560 1428 velis
571 1379 715 1446 ventoque
727 1368 843 1429 leratur.

92 1462 144 1517 895
159 1469 214 1511 nec
226 1458 319 1510 tamen
330 1447 400 1508 illud
411 1451 438 1509 in
449 1450 493 1510 his
503 1451 590 1512 rebus
601 1451 728 1513 miralnle
741 1461 869 1529 constat,

159 1533 264 1597 tantula
276 1534 351 1611 quod
362 1542 467 1594 tautum
479 1553 584 1613 corpus
596 1535 767 1616 corpuscula
778 1547 900 1615 possunt

158 1629 349 1697 contorquere
361 1626 391 1677 et
403 1635 474 1678 onus
485 1627 573 1680 totum
585 1630 756 1682 convertere
767 1630 908 1682 nostrum:

158 1704 264 1782 quippe
275 1703 380 1763 etenim
394 1711 496 1764 ventus
506 1704 604 1783 suptili
616 1722 740 1784 corpore
751 1707 845 1766 tenvis

157 1786 241 1847 trudit
253 1804 343 1865 agens
354 1805 481 1864 maguam
491 1805 593 1866 magno
604 1789 746 1851 molimine
757 1808 875 1868 navem,

93 1880 146 1935 900
157 1880 186 1931 et
197 1889 293 1932 manus
305 1888 358 1931 una
369 1873 443 1948 regit
456 1875 604 1951 quantovis
615 1876 721 1954 impeta
732 1884 846 1935 euntem

157 1964 242 2033 atque
253 1954 457 2032 gubernaclum
469 1966 639 2036 contorquet
651 1957 780 2036 quolibet
793 1976 894 2034 unum,

156 2038 316 2116 multaque,
334 2057 387 2117 per
398 2037 523 2099 trocleas
535 2050 565 2100 et
575 2050 721 2119 tympana,
734 2040 861 2119 pondera
871 2058 971 2118 magua

158 2131 317 2183 commovet
328 2130 413 2200 atque
424 2121 481 2182 levi
493 2122 620 2184 sustollit
629 2124 756 2184 machina
767 2125 839 2184 nisu.

198 2203 280 2264 Nunc
292 2205 393 2283 quibus
404 2204 454 2264 ille
466 2206 557 2267 modis
568 2225 682 2269 somnus
694 2226 747 2287 per
756 2207 881 2268 membra
893 2211 1016 2287 quietem

93 2298 145 2356 905
159 2291 263 2367 inriget
274 2298 360 2368 atque
372 2290 454 2349 animi
467 2309 549 2352 curas
561 2302 708 2371 epectore
720 2291 832 2370 solvat,

157 2373 309 2435 suavidicis
321 2375 416 2452 potius
428 2393 511 2452 quam
522 2375 616 2438 multis
626 2378 759 2439 versibus
771 2375 867 2445 edam;

156 2475 260 2538 parvus
271 2466 301 2518 ut
312 2466 357 2519 est
369 2461 452 2534 cycni
463 2459 564 2520 melior
575 2479 677 2540 canor,
690 2461 738 2523 ille
750 2478 850 2540 gruum
862 2479 944 2540 quam

158 2542 263 2602 clamor
272 2543 300 2601 in
312 2542 445 2603 aetheriis
457 2544 602 2623 dispersus
615 2547 736 2607 nubibus
747 2547 843 2607 austri.

157 2635 187 2685 tu
198 2625 263 2685 mihi
275 2625 309 2684 da
320 2627 413 2686 tenuis
425 2642 508 2687 aures
519 2631 696 2709 animumque
709 2646 860 2706 sagacem,

92 2717 145 2773 910
158 2727 193 2768 ne
206 2708 266 2767 lieri
278 2711 391 2785 negites
404 2726 476 2785 quae
488 2709 579 2770 dicam
589 2729 696 2790 posse,
708 2721 843 2788 retroque

156 2809 224 2853 vera
235 2790 391 2867 repulsanti
403 2790 533 2853 discedas
545 2804 665 2872 pectore
677 2795 768 2868 dicta,

157 2884 276 2936 tutemet
288 2875 315 2933 in
327 2873 412 2952 culpa
423 2893 486 2934 oum
498 2877 538 2937 sis
553 2896 647 2956 neque
660 2894 779 2938 cernere
793 2876 899 2954 possis.

159 2960 298 3039 principio
309 2975 424 3041 somnus
437 2959 466 3020 su
477 2960 525 3020 ulti
537 2970 582 3022 est
594 2960 728 3023 distracta
740 2976 793 3038 per
803 2967 879 3018 artus

157 3045 200 3104 vis
212 3045 318 3104 animae
330 3044 487 3122 partimque
498 3043 575 3106 lonas
590 3047 684 3106 eiecta
694 3044 818 3104 recessit

94 3136 145 3192 915
157 3137 187 3188 et
198 3129 298 3206 partim
310 3135 444 3188 contrusa
454 3130 543 3206 magis
556 3130 702 3190 concessit
713 3129 741 3187 in
752 3125 851 3187 altum:

158 3210 350 3272 dissoluuntur
361 3213 434 3271 enim
446 3221 503 3272 tum
515 3212 624 3272 demum
636 3211 760 3272 membra
775 3210 928 3289 fluuntque.

158 3313 221 3354 nam
233 3295 346 3355 dubium
357 3312 413 3355 non
424 3305 486 3372 est,
501 3298 600 3356 animai
613 3298 679 3375 quin
690 3312 779 3376 opera
789 3295 826 3355 sit

159 3378 319 3439 sensushic
331 3379 471 3455 iambis,
484 3398 568 3458 quem
580 3398 644 3440 cum
655 3398 744 3459 sopor
755 3377 863 3457 inpedit
874 3395 960 3454 esse,
1044 3410 1051 3424 ·

159 3473 216 3523 tum
227 3463 310 3522 nobis
322 3464 437 3524 animam
449 3463 639 3545 perturbatam
650 3483 718 3526 esse
730 3461 921 3602 putandompqx
