2340 3854
547 205 586 266 Vl
1005 205 1071 270 175

153 402 188 443 an
198 393 257 444 tum
268 382 401 442 bracchia
416 391 607 442 consuescunt
620 383 784 460 firmantque
796 381 940 443 lacertos?

156 470 184 526 in
195 475 328 543 terraque
340 465 428 544 patris
442 482 493 524 cur
504 463 592 524 telum
604 467 800 544 perpetiuntur

156 545 293 630 optandi?
305 567 357 608 cur
367 550 431 627 ipse
443 549 526 625 sinit,
538 567 632 626 neque
645 550 735 626 parcit
745 551 773 608 in
784 547 896 610 bostis?

90 645 141 698 000
157 632 279 712 denique
295 649 346 691 our
357 649 507 709 numquam
519 631 599 692 caelo
610 634 676 692 iacit
691 632 813 711 undique
825 651 896 711 puro

154 716 283 796 luppiter
293 717 322 775 in
334 724 425 775 terras
437 714 544 775 fulmen
554 717 722 793 sonitusque
734 714 897 794 profundit?

154 819 189 861 an
200 797 284 862 simul
295 816 329 859 ac
340 799 432 859 nubes
444 816 633 875 successere,
645 802 709 878 ipse
721 801 749 858 in
760 817 809 859 eas
822 808 880 858 tum

155 884 323 960 descendit,
335 900 427 962 prope
439 891 468 941 ut
479 881 544 942 binc
555 881 605 942 teli
621 883 788 943 determinet
801 881 894 944 ictus?

154 969 183 1027 in
195 984 272 1027 mare
283 984 338 1044 qua
349 982 436 1046 porro
447 967 530 1025 mittit
541 963 669 1026 ratione?
681 967 748 1045 quid
760 968 847 1029 undas

89 1063 139 1115 405
152 1053 243 1128 arguit
255 1059 284 1111 et
299 1049 432 1128 liquidam
442 1048 546 1109 molem
558 1067 732 1128 camposque
744 1049 883 1111 natantis?

153 1143 302 1214 praeterea
316 1136 341 1193 si
352 1131 412 1192 vult
424 1149 573 1193 caveamus
586 1132 708 1193 fulminis
721 1137 823 1210 ictum,

156 1236 206 1278 cnr
217 1217 324 1277 dubitat
335 1218 433 1277 facere
445 1225 476 1275 ut
487 1218 630 1293 possimus
643 1235 763 1278 cernere
773 1215 909 1278 missum?

153 1305 178 1363 si
189 1303 385 1379 necopinantis
397 1309 490 1360 autem
501 1298 561 1358 volt
573 1302 734 1378 opprimere
746 1302 821 1378 igni,

156 1403 206 1446 our
217 1394 294 1445 tonat
308 1403 347 1444 ex
358 1383 407 1443 illa
419 1392 516 1462 parte,
531 1392 561 1442 nt
572 1385 661 1443 vitare
673 1401 825 1462 queamus,

89 1479 143 1533 410
158 1487 208 1529 cur
219 1468 354 1529 tenebras
366 1477 431 1527 ante
444 1476 473 1526 et
485 1467 613 1528 fremitus
625 1476 655 1527 et
665 1485 803 1527 murmura
816 1465 930 1528 concil?

155 1562 185 1614 et
196 1551 278 1612 simul
290 1554 318 1611 in
330 1550 431 1611 multas
444 1552 531 1628 partis
543 1554 590 1629 qui
603 1551 723 1612 credere
736 1554 831 1629 possis

155 1631 289 1697 mittere?
301 1654 335 1695 an
346 1634 402 1695 boc
415 1636 491 1694 ausis
503 1652 653 1713 numquam
663 1635 837 1696 contendere
850 1635 973 1711 factum,

154 1728 184 1780 ut
195 1720 297 1780 fierent
307 1721 380 1779 ictus
393 1735 449 1777 uno
461 1719 514 1779 sub
526 1727 655 1797 tempore
669 1716 788 1799 plures?

154 1812 183 1863 at
193 1813 311 1882 saepest
325 1819 442 1862 numero
455 1801 560 1862 factum
573 1804 690 1881 fierique
703 1812 869 1879 necessest,

89 1897 142 1950 tro
157 1895 188 1946 ut
198 1886 298 1966 pluere
311 1889 339 1946 in
349 1885 444 1946 multis
457 1888 622 1963 regionibus
635 1896 664 1946 et
675 1889 779 1948 cadere
791 1888 904 1966 imbris,

156 1970 270 2030 fulmina
281 1972 324 2030 sic
336 1988 392 2029 uno
405 1970 465 2029 fieri
477 1971 529 2031 sub
542 1980 671 2050 tempore
682 1970 777 2032 multa.

156 2063 303 2133 postremo
315 2071 366 2113 cur
379 2062 477 2114 sancta
487 2053 570 2112 deum
581 2053 697 2113 delubra
711 2072 834 2133 suasque

155 2138 271 2198 discutit
281 2137 385 2198 infesto
398 2135 558 2215 praeclaras
573 2136 687 2196 fulmine
701 2137 788 2198 sedes

156 2230 185 2281 et
200 2220 274 2303 bene
286 2221 359 2281 facta
371 2222 455 2280 deum
466 2220 570 2298 frangit
584 2219 732 2281 simulacra
742 2222 859 2299 suisque

89 2314 141 2367 420
156 2304 242 2364 demit
255 2305 423 2381 imaginibus
434 2304 561 2364 violento
573 2304 691 2365 volnere
702 2302 860 2365 honorem?

155 2387 267 2467 altaque
281 2406 331 2447 cur
342 2387 508 2468 plerumque
521 2391 593 2467 petit
604 2388 685 2467 loca,
697 2389 872 2469 plurimaque
884 2390 946 2448 eius
1057 2449 1061 2456 ,

155 2471 298 2532 montibus
312 2475 341 2531 in
352 2473 465 2533 summis
476 2475 598 2550 vestigia
609 2476 750 2534 cernimus
760 2470 855 2551 ignis?

200 2553 283 2626 Quod
297 2565 448 2634 superest,
464 2555 577 2617 facilest
588 2576 626 2618 ex
636 2558 680 2618 his
692 2575 873 2635 cognoscere
884 2558 992 2634 rebus,

157 2648 302 2717 presteras
315 2638 379 2700 Grai
391 2654 464 2716 quos
478 2639 513 2699 ab
527 2659 559 2699 re
570 2643 783 2717 nominitarunt,

91 2730 143 2783 425
155 2724 183 2781 in
195 2740 271 2783 mare
286 2741 341 2802 qua
352 2723 430 2782 missi
444 2725 556 2782 veniant
567 2724 676 2783 ratione
686 2740 819 2800 superne.

156 2824 218 2864 nam
230 2807 259 2865 lit
271 2816 301 2866 ut
313 2805 452 2866 interdum
464 2815 602 2883 tamquam
612 2805 735 2867 demissa
747 2805 875 2865 columna

155 2891 185 2948 in
196 2907 272 2949 mare
283 2890 320 2949 de
332 2888 414 2950 caelo
426 2888 597 2966 descendat,
613 2908 695 2968 quam
706 2890 777 2948 freta
790 2891 896 2949 circum

156 2972 322 3034 fervescunt
332 2974 457 3051 graviter
468 2973 639 3051 spirantibus
651 2975 735 3032 incita
746 2971 855 3048 debris,

157 3066 186 3116 et
199 3075 394 3135 quaecumque
406 3057 433 3114 in
448 3073 484 3116 eo
496 3066 554 3117 tum
566 3059 621 3117 sint
633 3057 774 3136 deprensa
785 3056 903 3116 tumultu

94 3148 144 3202 sito
154 3143 265 3218 navigia
278 3143 307 3201 in
318 3157 454 3202 summum
465 3141 577 3199 veniant
588 3150 688 3200 vexata
699 3138 845 3219 periclum.

156 3224 213 3286 boc
224 3225 254 3284 fit
265 3226 313 3286 ubi
327 3224 467 3285 interdum
478 3238 534 3282 non
545 3225 604 3301 quit
615 3226 658 3283 vis
669 3224 753 3283 incita
767 3224 844 3283 venti

156 3325 288 3385 rumpere
304 3326 386 3389 quam
401 3307 497 3385 coepit
511 3306 631 3383 nubem,
644 3307 697 3367 sed
708 3306 853 3386 deprimit,
866 3316 896 3368 ut
905 3310 944 3369 sit

156 3395 184 3451 in
197 3411 273 3452 mare
285 3392 321 3452 de
334 3389 415 3453 caelo
425 3400 563 3470 tamquam
574 3390 697 3452 demissa
707 3391 851 3468 columna,

159 3474 304 3554 paulatim,
317 3475 398 3554 qnasi
410 3473 476 3553 qnid
488 3491 584 3553 pugno
596 3474 768 3555 bracchique
780 3492 904 3554 superne
