2340 3922
135 209 178 274 22
631 210 646 275 l

218 400 345 444 umorem
356 382 493 461 primum,
505 387 572 457 post
582 382 664 456 aera,
678 378 780 442 deinde
794 378 937 460 calorem,

218 485 274 528 nec
285 483 401 528 cessare
413 463 485 524 baec
496 464 571 524 iuter
580 481 613 524 se
625 471 751 541 mutare,
763 481 858 524 meare

218 569 234 611 a
249 548 330 609 caelo
340 548 376 609 ad
388 556 506 623 terram,
520 544 556 607 de
567 556 642 607 terra
653 544 688 606 ad
699 547 792 607 sidera
804 546 907 607 mundi.

218 632 294 713 quod
306 631 403 710 iacere
415 628 488 690 baud
500 628 559 690 ullo
571 630 677 691 debent
690 630 842 709 primordia
852 640 946 710 pacto.

157 725 208 781 ito
218 714 388 776 immutabile
400 716 475 775 enim
486 713 615 792 quiddam
628 732 764 794 superare
776 724 947 792 necessest,

219 819 255 861 ue
267 817 315 860 res
327 798 363 859 ad
373 798 459 859 nilum
471 798 634 876 redigantur
645 798 769 860 funditus
781 815 895 859 omnes:

218 902 281 945 uam
293 883 492 962 quodcumque
504 884 563 943 sais
576 891 709 942 mutatum
721 883 823 944 fluibus
835 883 910 959 exit,
1006 928 1008 932 .

220 969 353 1030 continuo
362 966 419 1027 boc
432 974 564 1026 moreest
576 964 651 1026 illios
663 965 739 1044 quod
749 965 801 1026 tuit
811 974 886 1025 anto.

218 1060 393 1132 quopropter
404 1050 535 1128 quomam
549 1066 621 1126 quae
634 1049 719 1129 paulo
733 1049 853 1110 diximus
864 1058 930 1109 ante

155 1145 205 1200 795
216 1139 244 1196 in
256 1143 453 1195 commutatum
464 1134 595 1210 veniunt,
610 1143 740 1195 constare
754 1141 906 1194 necessest

218 1238 255 1280 ex
265 1217 327 1280 aliis
340 1235 390 1296 ea,
403 1235 475 1296 quae
487 1225 629 1295 nequeant
642 1219 804 1278 convertier
815 1234 950 1294 usquam,

217 1323 253 1363 nc
264 1304 315 1363 tibi
326 1320 374 1362 res
386 1301 503 1363 redeant
515 1300 550 1360 ad
560 1300 645 1361 nilum
657 1301 781 1363 funditus
794 1319 903 1362 omnes.

218 1388 284 1466 quin
295 1388 389 1465 potius
401 1384 448 1445 tali
461 1395 557 1445 natura
567 1385 695 1464 praedita
707 1385 843 1464 quaedam

219 1487 340 1548 corpora
352 1471 506 1530 constituas
516 1513 526 1545 ‚
538 1470 633 1545 ignem
643 1472 668 1531 si
680 1468 754 1530 sorte
767 1471 907 1546 emerint,

154 1563 207 1619 800
217 1571 307 1634 posse
320 1552 436 1629 cadem,
450 1551 572 1630 demptis
584 1554 682 1630 paucis
695 1555 852 1632 paucisque
864 1553 995 1630 tributis,

218 1638 316 1698 ordine
327 1639 432 1696 mutato
444 1644 474 1696 et
485 1644 578 1713 motu,
590 1634 687 1696 iacere
699 1637 884 1711 sedeamus,

218 1722 263 1781 sic
275 1720 344 1782 alias
356 1719 418 1781 aliis
429 1720 516 1780 rebus
528 1720 661 1779 mutarier
673 1717 784 1779 omnis?

254 1796 306 1864 ‘At
317 1803 463 1864 manifesta
474 1802 566 1882 palam
577 1822 625 1864 res
636 1802 747 1864 indicat'
760 1795 899 1882 inquis‘in
911 1822 992 1866 auras

218 1889 293 1948 atris
305 1906 322 1948 c
334 1897 410 1948 terra
420 1906 468 1948 res
480 1888 570 1948 omnis
583 1905 717 1948 crescere
729 1886 840 1966 alique:

156 1981 207 2035 805
219 1982 248 2033 et
258 1973 312 2033 nisi
324 1979 480 2050 tempestas
493 1970 620 2048 indulget
632 1980 761 2050 tempore
773 1972 867 2032 iausto

217 2055 371 2134 imbribus,
385 2066 416 2116 ut
427 2056 492 2116 tabe
503 2055 659 2116 nimborum
670 2057 784 2119 arbusta
795 2055 947 2134 vacillent,

218 2139 321 2220 solque
331 2158 382 2201 sua
393 2158 446 2220 pro
458 2150 539 2221 parte
551 2139 630 2200 fovet
641 2141 794 2219 tribuitque
807 2140 951 2218 calorem,
1020 2178 1024 2190 ·

219 2243 354 2285 cresccre
366 2242 422 2283 non
435 2226 546 2303 possint
557 2225 656 2301 fruges
668 2225 783 2285 arbusta
794 2225 960 2285 animantis.’

218 2307 348 2383 scilicet,
361 2317 390 2368 et
401 2309 454 2367 uisi
465 2324 518 2368 nos
532 2308 614 2367 cibus
625 2307 719 2368 aridus
730 2318 760 2366 et
772 2315 854 2366 tener
865 2323 946 2366 umor

155 2400 208 2454 810
217 2390 347 2467 adiuvet,
360 2391 464 2451 amisso
475 2392 528 2449 iam
540 2407 663 2468 corpore
675 2391 732 2448 vita
743 2406 857 2468 quoque
869 2392 959 2451 omnis

218 2474 347 2535 omnibus
359 2492 375 2533 e
387 2475 482 2533 nervis
494 2481 578 2552 atque
590 2474 705 2533 ossibus
716 2471 894 2534 exsoluutor:

218 2557 371 2618 adiutamur
381 2559 455 2617 euim
467 2555 551 2616 dubio
561 2554 661 2636 procul
674 2565 759 2635 atque
771 2555 869 2616 alimur
878 2574 931 2619 nos

219 2642 306 2702 certis
317 2641 353 2700 ab
364 2641 470 2718 rebus,
485 2642 570 2701 certis
580 2639 652 2701 aliae
665 2650 751 2719 atque
765 2639 836 2701 aliae
847 2659 904 2702 res.

218 2726 363 2802 nimirum,
380 2727 444 2804 quia
455 2723 541 2784 multa
552 2723 642 2786 modis
656 2726 813 2786 communia
824 2724 918 2787 multis

156 2819 207 2873 815
218 2809 365 2870 multarum
380 2828 473 2870 rerum
488 2811 515 2869 in
524 2809 612 2870 rebus
623 2810 774 2890 primordia
786 2811 870 2870 mixta

219 2904 300 2973 sunt,
316 2894 382 2954 ideo
392 2896 476 2955 variis
486 2896 581 2953 variae
592 2911 640 2954 res
651 2895 739 2955 rebus
750 2894 869 2954 aluntur.

219 2987 303 3056 atque
315 2978 413 3038 eadem
423 2981 515 3055 magui
526 2977 615 3037 refert
626 2977 776 3056 primordia
788 2995 876 3056 saepe

219 3079 283 3121 cum
296 3063 398 3141 quibus
410 3072 439 3122 et
451 3061 526 3142 quali
537 3062 663 3141 positura
675 3062 871 3122 contineantur

218 3154 247 3206 et
256 3162 332 3223 quos
343 3146 417 3205 inter
427 3164 460 3206 se
474 3145 541 3206 dent
551 3152 644 3206 motus
656 3145 869 3223 accipiantque·

154 3236 206 3291 820
215 3246 335 3308 nmnque
347 3227 447 3290 eadem
459 3228 568 3289 caelum
579 3247 655 3289 mare
667 3237 757 3289 terras
770 3226 880 3287 domina
891 3227 983 3291 solem

220 3313 411 3389 constituunt,
425 3311 525 3372 eadem
535 3311 633 3390 fruges
645 3312 760 3373 arbusta
769 3313 933 3389 animantis,

218 3413 316 3456 verum
328 3394 390 3456 aliis
402 3393 516 3473 alioque
527 3395 611 3456 modo
624 3397 773 3457 commixta
788 3403 944 3455 moventur.

219 3481 286 3560 quin
297 3481 380 3540 etiam
391 3479 497 3558 passim
508 3481 612 3538 uostris
624 3481 652 3538 in
662 3479 795 3540 versibus
806 3480 877 3560 ipsis
