2340 3854
138 251 199 316 1⁹0
615 246 653 306 l'l

220 416 361 497 principio
373 426 475 476 terram
487 413 531 475 sol
545 415 680 492 excoquit
693 423 722 474 et
736 413 804 474 iacit
814 431 881 492 are,

220 510 247 560 at
260 498 382 577 glaciem
393 497 522 558 dissolvit
533 507 563 557 et
575 497 640 556 altis
651 497 791 557 montibus
803 496 874 557 altas

221 592 422 660 extructasque
434 581 611 641 nives-radiis
622 580 775 640 tabescere
788 583 882 658 cogit:

156 677 208 731 965
219 666 342 744 denique
357 682 424 725 cera
435 664 546 743 liquefit
558 666 586 722 iu
598 667 660 723 eius
672 671 756 741 posta
766 680 883 741 uapore.

219 751 301 826 ignes
312 751 380 808 item
392 747 527 826 liquidum
539 747 607 806 facit
617 764 667 806 aes
679 764 832 824 aurumque
844 746 982 826 resolvit,

219 843 246 892 at
259 833 336 892 coria
348 841 377 892 et
389 848 502 891 carnem
512 829 595 890 trabit
608 839 636 889 et
649 829 782 890 conducit
792 832 820 888 in
831 849 925 890 unum.

220 933 301 974 umor
312 932 401 992 aquae
415 931 502 994 porro
513 912 618 973 ferrum
630 912 767 972 condurat
778 912 813 973 ab
825 915 901 990 igni,

220 1009 247 1058 at
260 999 336 1057 coria
351 1006 380 1057 et
392 1015 504 1056 caruem
515 995 606 1055 mollit
620 995 834 1056 duratacalore.

155 1090 207 1145 970
219 1081 383 1158 barbigeras
394 1079 521 1140 oleaster
534 1096 570 1139 eo
581 1082 657 1138 iuvat
668 1098 759 1157 usque
772 1080 914 1158 capellas,

220 1164 317 1225 effluat
331 1164 489 1223 ambrosiae
502 1164 581 1242 quasi
591 1180 661 1222 vere
672 1172 701 1221 et
716 1164 833 1222 nectari'
845 1163 964 1234 linctus:

220 1267 274 1327 qua
288 1247 326 1306 nil
338 1257 383 1308 est
394 1247 499 1306 bomini
511 1247 586 1325 quod
598 1248 711 1305 amariu’
723 1245 853 1306 frondeat
864 1267 942 1309 esca.

220 1333 343 1409 denique
355 1333 541 1391 amaracinum
552 1330 653 1408 fugitat
666 1348 715 1391 sus
728 1339 758 1390 et
773 1332 853 1391 timet
864 1349 947 1392 omne

220 1425 388 1493 ungentum:
400 1433 462 1474 nam
475 1416 625 1492 saetigeris
639 1414 726 1474 subus
739 1430 806 1474 acre
817 1425 1001 1485 venenumst3

153 1508 203 1561 975
217 1499 293 1578 quod
305 1515 357 1558 uos
369 1497 508 1558 interdum
521 1507 660 1576 tamquam
670 1515 803 1556 recreare
815 1497 935 1558 videtur.

219 1592 247 1642 at
259 1592 356 1642 contra
367 1583 450 1642 uobis
463 1599 580 1641 caenum
590 1582 750 1641 taeterrima
762 1599 826 1640 cum
838 1584 876 1642 sit

220 1666 389 1745 spurcities,
402 1665 501 1725 eadem
513 1665 601 1726 subus
615 1664 687 1725 baec
698 1663 818 1724 iucunda
828 1665 958 1745 videtur,

219 1748 415 1810 insatiabiliter
425 1751 476 1809 toti
489 1759 518 1808 ut
530 1747 680 1809 volvantur
691 1747 804 1808 ibidem.

261 1833 324 1891 Hoc
337 1835 420 1892 etiam
431 1841 581 1910 superest,
593 1834 656 1910 ipsa
669 1850 750 1908 quam
762 1831 859 1892 dicere
870 1831 907 1892 de
917 1851 950 1893 re

156 1925 208 1978 980
221 1914 373 1993 adgredior
384 1915 461 1995 quod
471 1914 621 1974 dicendum
631 1917 709 1994 prius
722 1934 789 1975 esse
801 1915 921 1975 videtur.

219 1999 305 2060 multa
316 1999 451 2059 foramina
462 2017 526 2058 cum
538 2001 623 2060 uariis
635 2000 690 2059 sint
702 1997 811 2059 reddita
821 2001 926 2077 rebus,

220 2082 348 2143 dissimili
363 2085 480 2144 intense
493 2093 590 2143 natura
604 2082 731 2161 praedita
744 2082 849 2142 debent

221 2186 288 2227 csse
300 2177 330 2227 et
341 2167 449 2228 babere
462 2184 540 2226 suam
552 2176 676 2227 naturam
690 2184 820 2244 quaeque
831 2167 959 2245 viasque.

220 2253 327 2329 quippe
339 2253 444 2311 etenim
454 2252 523 2310 varii
534 2269 637 2311 seusus
650 2251 834 2309 animantibus
846 2251 955 2327 insunt,

154 2342 205 2395 985
218 2352 338 2412 quorum
349 2337 470 2415 quisque
482 2352 560 2394 suam
570 2335 686 2413 proprie
698 2350 758 2392 rem
769 2335 892 2412 percipit
902 2336 931 2392 iu
943 2353 993 2394 set

219 2436 282 2478 nam
294 2428 445 2496 penetrare
456 2416 512 2478 alio
525 2420 635 2477 sonitus
647 2416 760 2494 alioque
773 2434 905 2495 saporem

221 2503 361 2561 cernimus
373 2521 390 2560 e
402 2502 496 2576 sucis,
510 2500 566 2560 alio
577 2501 682 2560 nidoris
695 2500 809 2561 odores.

220 2593 370 2662 praeterea
381 2601 493 2643 manare
509 2581 583 2643 aliud
596 2601 725 2663 persana
735 2584 863 2658 videtur,

219 2677 305 2745 atque
317 2667 392 2726 aliud
403 2666 506 2744 lignis,
519 2667 594 2727 aliud
605 2669 724 2727 transire
736 2686 789 2746 per
799 2684 912 2744 aurum,

156 2760 208 2813 990
218 2759 397 2830 argentoque
409 2751 486 2811 foras
498 2750 573 2811 aliud
583 2753 713 2829 vitroque
725 2769 836 2810 meare:

219 2853 282 2894 nam
294 2836 383 2895 fluere
394 2835 448 2895 hac
461 2838 593 2914 species,
607 2834 674 2895 illac
685 2833 763 2896 calor
773 2836 815 2893 ire
826 2833 955 2911 videtur,

174 2961 176 2965 .
218 2929 303 2997 atque
315 2918 376 2979 aliis
388 2919 456 2978 aliut
468 2921 550 2979 citius
562 2921 750 2979 transmittere
763 2916 870 2978 eadem.

220 3001 348 3080 scilicet,
361 3003 389 3061 id
401 3003 461 3061 lieri
475 3005 552 3080 cogit
564 3012 660 3062 natura
670 3005 776 3062 viarum

220 3086 390 3147 multimodis
402 3088 531 3162 varians,
544 3096 573 3146 ut
584 3085 669 3164 paulo
681 3086 855 3146 ostendimus
866 3093 949 3161 aute,

156 3177 207 3230 995
221 3181 340 3249 propter
351 3169 516 3231 dissimilem
528 3180 651 3229 naturam
663 3180 797 3247 textaque
810 3186 913 3227 rerum.

261 3252 459 3333 Quapropter,
473 3254 547 3314 bene
559 3254 607 3313 ubi
618 3253 691 3314 haec
703 3255 864 3313 confirmata
876 3261 963 3330 atque
974 3251 1071 3313 locata

220 3338 311 3397 omnia
323 3339 500 3398 constiterint
511 3337 593 3398 nobis
606 3347 759 3416 praeposta
770 3346 882 3416 parata,

219 3421 295 3499 quod
307 3430 457 3500 superest,
471 3420 556 3482 facile
570 3420 635 3480 binc
647 3424 717 3481 ratio
728 3420 881 3497 reddetur,
893 3428 922 3479 et
934 3419 1027 3481 omnis

219 3523 304 3566 causa
314 3505 446 3584 patefiet,
460 3522 532 3582 quae
544 3503 612 3565 ferri
626 3504 753 3583 pelliciat
763 3506 827 3562 vim.
