2340 3854
140 221 183 286 oo
550 205 554 210 '
625 218 666 280 ru

225 391 371 466 restinxit,
384 387 483 450 stellas
495 396 612 448 exortus
624 397 654 447 nt
665 387 810 448 aetherius
822 385 877 449 sol.

226 484 256 533 tu
267 491 337 534 vero
350 472 491 533 dubitabis
503 481 532 532 ct
544 471 730 549 indignabere
742 468 845 532 obire?

225 566 333 617 mortua
345 556 390 617 cui
401 558 457 616 vita
469 564 514 616 est
525 572 617 634 prope
629 556 682 615 iam
694 556 762 615 rivo
774 565 858 634 atque
870 553 996 634 uidenti,

144 651 209 706 1045
224 643 272 720 qni
285 657 384 701 somno
397 649 505 719 partem
515 642 650 700 maiorem
663 640 788 699 conteris
801 640 882 717 aeri,

226 734 255 785 et
267 723 388 802 vigilans
401 725 498 784 stertis
510 742 565 784 neo
577 724 685 783 somnia
699 741 819 783 eernere
833 741 951 800 cessas,

225 807 433 885 sollicitamque
448 808 526 886 geris
540 824 621 867 cassa
632 806 781 867 formidine
793 817 933 886 mentem,

225 911 280 952 nec
292 893 420 971 reperire
434 899 517 970 potes
530 890 581 949 tibi
594 891 660 969 quid
673 891 711 950 sit
722 908 811 969 saepe
822 889 904 969 mali,
918 908 983 952 curu

224 975 321 1035 ebrius
333 976 444 1052 urgeris
457 972 551 1033 multis
564 977 650 1034 miser
660 974 784 1053 undique
797 975 872 1034 curis

143 1070 209 1123 1050
224 1068 309 1137 atque
321 1060 403 1118 animi
415 1059 528 1118 incerto
542 1058 652 1118 lluitans
665 1075 764 1118 errore
776 1058 907 1135 vagaris?

267 1142 298 1201 Si
309 1150 431 1221 possent
443 1141 588 1219 homines,
603 1141 721 1220 proinde
733 1159 767 1202 ac
778 1142 885 1202 sentire
896 1139 1031 1201 ridentur

225 1225 336 1306 pondus
349 1227 445 1286 inesse
456 1228 565 1302 animo,
580 1225 656 1303 quod
671 1244 704 1285 se
716 1226 856 1303 gravitate
868 1224 986 1303 fatiget,

225 1330 242 1370 e
255 1311 356 1388 quibus
369 1309 397 1368 id
409 1309 454 1368 ilat
468 1311 560 1370 causis
573 1328 687 1388 quoquc
704 1327 827 1370 noscere
840 1319 869 1369 et
881 1309 955 1369 unde

225 1403 301 1453 tanta
312 1391 376 1452 mali
388 1401 527 1471 tamquam
540 1393 631 1453 moles
643 1396 670 1451 in
684 1402 804 1472 pectore
818 1401 947 1469 constet,

143 1488 208 1540 1055
226 1477 292 1535 baut
304 1479 341 1535 ita
354 1479 438 1536 vitam
449 1485 585 1553 agerent,
599 1486 628 1536 ut
643 1495 717 1537 nunc
729 1475 897 1555 plerumque
909 1476 1041 1537 videmus

224 1560 290 1638 quid
302 1560 355 1621 sibi
368 1561 489 1638 quisque
501 1559 571 1619 velit
582 1562 715 1636 nescire,
728 1568 758 1620 et
768 1577 908 1638 quaerere
921 1577 1039 1639 semper

225 1652 395 1703 commutare
408 1643 519 1720 locum,
533 1645 612 1721 quasi
626 1660 697 1703 onus
710 1643 856 1722 deponere
869 1643 970 1722 possit.

225 1727 283 1786 enit
295 1744 383 1805 saepe
395 1727 472 1786 foras
484 1728 591 1803 magnis
604 1745 641 1786 ex
653 1726 772 1786 aedibus
784 1726 851 1804 ille,

223 1828 291 1871 csse
303 1809 378 1868 domi
392 1827 475 1887 quem
488 1819 696 1888 pertaesumst,
709 1810 862 1889 subitoque
877 1811 1021 1888 revertit,

142 1904 209 1957 1060
222 1895 328 1972 quippe
345 1892 414 1952 foris
427 1892 485 1951 nilo
497 1891 598 1952 melius
611 1896 658 1971 qui
671 1896 773 1953 sentiat
785 1912 862 1956 esse.

224 1979 310 2037 currit
320 1994 409 2054 agens
423 1993 539 2037 mannos
552 1976 587 2036 ad
598 1975 693 2037 villam
708 1979 948 2056 praecipitanter,

222 2060 354 2121 auxilium
367 2063 451 2121 tectis
464 2063 543 2139 quasi
556 2061 631 2121 ferre
647 2060 809 2121 ardentibus
822 2064 944 2122 instans:

222 2147 324 2205 oscitat
336 2144 499 2224 extemplo,
514 2147 608 2222 tetigit
626 2162 689 2204 cum
702 2144 796 2205 limina
809 2143 911 2221 villae,

222 2237 268 2287 aut
279 2229 336 2287 abit
348 2231 374 2286 in
386 2245 513 2288 somnum
526 2230 620 2305 gravis
631 2237 716 2306 atque
729 2227 833 2288 oblivia
847 2231 974 2309 quaerit,

140 2321 206 2374 1065
222 2321 269 2370 aut
281 2314 364 2370 etiam
375 2328 533 2390 properans
546 2311 645 2369 urbem
660 2313 732 2388 petit
744 2321 828 2390 atque
843 2313 952 2374 revisit.

222 2393 278 2453 hoc
290 2413 323 2453 se
336 2396 456 2471 quisque
468 2393 551 2453 modo
564 2394 651 2470 fugit:
664 2403 691 2452 at
703 2410 805 2473 quom,
821 2395 951 2474 scilicet,
964 2408 994 2459 ut
1007 2400 1060 2480 tit,

222 2477 351 2553 effugere
363 2476 429 2536 haut
443 2478 516 2554 potis
528 2485 590 2553 est,
603 2479 719 2553 ingratis
731 2477 830 2539 haeret
841 2490 870 2540 et
883 2480 943 2540 odit

222 2569 392 2639 propterea,
406 2559 496 2619 morbi
508 2561 573 2638 quia
586 2577 697 2620 causam
713 2579 769 2622 non
781 2572 859 2623 tenet
871 2581 975 2641 aeger;

222 2644 389 2722 quambene
402 2645 426 2703 si
438 2644 547 2720 videat,
561 2646 614 2703 iarn
625 2646 712 2707 rcbus
724 2649 845 2726 quisque
862 2647 972 2709 relictis

140 2736 205 2791 1070
218 2737 342 2787 naturam
354 2729 472 2806 primum
485 2729 596 2788 studeat
608 2747 789 2808 cognoscere
801 2749 912 2808 rerum,

222 2813 359 2890 temporis
371 2814 479 2872 aeterni
492 2814 639 2890 quoniam,
656 2832 712 2875 non
723 2817 804 2875 unius
816 2813 924 2890 horae,

220 2896 372 2973 ambigitur
384 2904 490 2973 status,
504 2899 531 2956 in
544 2913 600 2976 quo
613 2900 650 2956 sit
663 2897 831 2958 mortalibus
844 2900 934 2955 omnis

219 2988 315 3056 aetas,
329 2988 523 3057 postmortem
535 2998 607 3058 quae
619 2990 707 3040 restat
720 2997 841 3055 cumque
853 2979 999 3040 manenda.

263 3063 393 3140 Denique
404 3072 481 3123 tanto
493 3082 583 3142 opere
595 3065 624 3121 in
636 3063 726 3123 dubiis
740 3061 881 3139 trepidare
896 3053 1013 3139 periclis

139 3153 205 3209 1075
223 3165 294 3225 quae
306 3145 441 3208 melanos
453 3147 559 3224 subigit
569 3147 635 3205 vitai
647 3153 721 3205 tanta
734 3140 859 3222 cupido?

222 3239 300 3291 certa
312 3229 425 3308 quidem
438 3232 498 3290 linis
510 3232 584 3289 vitae
599 3227 764 3289 mortalibus
775 3226 884 3304 adstat,

220 3331 275 3373 nec
288 3313 405 3373 devitari
420 3312 507 3372 letum
519 3323 605 3391 pote,
620 3313 686 3389 quin
699 3309 843 3371 obeamus.

220 3406 370 3475 praeterea
381 3413 526 3456 versamur
538 3395 641 3455 ibidem
653 3403 737 3473 atqua
751 3395 875 3456 insumus
892 3414 1003 3477 usque,

219 3498 274 3541 nec
286 3497 358 3540 nova
367 3479 489 3539 vivendo
502 3476 667 3557 procuditur
678 3476 732 3537 ulla
747 3476 893 3559 uoluptas:
