2340 3922
135 223 199 289 loa
620 222 647 280 V

219 409 272 470 per
282 389 405 450 tumulos
417 398 446 449 et
457 388 593 450 convallis
607 406 780 469 camposque
792 391 925 469 prolum

219 483 250 533 ut
259 491 332 533 nunc
343 491 410 533 esse
420 472 502 531 uides
511 474 589 532 vario
603 472 734 534 distincta
746 472 848 550 lepore

137 567 204 623 1375
221 559 329 633 omnia,
342 573 415 636 quae
426 557 517 633 pomis
528 558 654 617 intersita
664 554 794 617 dulcibus
807 567 905 618 ornant

217 640 395 718 arbustisque
407 646 505 698 teuent
516 638 648 699 felicibus
660 642 753 717 opsita
766 642 881 700 circum.

249 719 263 804 11
278 724 316 783 ht
326 721 446 802 liquidas
458 723 551 781 avium
560 739 651 783 uoces
661 725 794 783 imitarier
805 740 856 783 ore

218 817 282 867 ante
293 807 345 866 fuit
355 805 443 865 multo
455 823 537 884 quam
547 805 621 867 levia
633 809 754 867 carmina
765 816 848 868 cantu

218 889 423 952 concelebrare
437 888 564 948 homiues
577 899 696 966 possent
705 892 837 968 aurisque
849 893 956 953 iuvare.

134 985 201 1038 1380
214 984 243 1033 ct
255 973 388 1051 zephyri,
402 988 472 1031 cava
483 988 536 1048 per
547 972 732 1049 calamorum,
745 973 828 1041 sibila
840 976 958 1051 primum

216 1057 337 1136 agrestis
347 1054 472 1113 docuere
484 1071 568 1114 cavas
578 1055 676 1115 inilare
688 1057 804 1116 cicutas.
911 1082 928 1105 ο

215 1141 279 1201 inde
291 1140 444 1198 minutatim
455 1136 545 1198 dulcis
556 1138 683 1198 didicere
695 1138 853 1218 querellas,

216 1225 283 1285 tibia
296 1240 366 1301 quas
377 1221 467 1282 lundit
477 1221 572 1298 digitis
583 1221 694 1301 pulsata
706 1231 870 1299 canentum,

215 1311 276 1368 avia
289 1324 342 1385 per
352 1323 469 1365 nemora
481 1323 515 1365 ac
527 1305 613 1365 silvas
625 1305 771 1385 saltusque
782 1315 913 1383 reperta,

133 1400 201 1455 1385
219 1409 271 1469 per
282 1390 347 1449 locu
359 1399 503 1468 pastorum
514 1389 627 1450 deserta
637 1399 722 1469 atque
734 1392 791 1450 otia
805 1389 858 1449 dia.
941 1405 944 1410 ’

218 1477 272 1554 {sic
285 1491 369 1533 unum
381 1473 516 1553 quicquid
527 1472 659 1552 paulatim
672 1473 807 1551 protrahit
817 1484 897 1534 aetas

216 1561 244 1619 in
255 1557 376 1617 medium
386 1560 513 1635 ratioque
526 1559 553 1615 in
566 1557 678 1617 luminis
690 1559 774 1634 erigit
785 1557 861 1634 oras]

215 1643 288 1701 haec
301 1642 408 1701 animos
423 1639 488 1699 ollis
499 1638 660 1700 mulcebant
668 1651 753 1718 atque
765 1641 896 1700 iuvabant

217 1743 280 1784 cum
292 1725 391 1783 satiate
405 1723 474 1782 oihi:
485 1741 549 1783 nam
559 1733 616 1783 tum
630 1734 694 1783 sunt
708 1726 828 1783 carmina
840 1723 928 1792 cordi

134 1818 200 1872 1390
216 1825 304 1884 saepe
316 1809 410 1883 itaque
421 1808 494 1864 inter
505 1825 537 1865 se
549 1808 681 1882 prostrati
691 1808 719 1865 in
729 1808 855 1882 gramine
866 1804 944 1865 molli

216 1900 335 1971 propter
345 1906 436 1966 aquae
447 1889 538 1947 rivom
548 1889 601 1948 suh
611 1890 694 1948 ramis
706 1889 814 1948 arboris
825 1887 897 1948 altae

216 1991 272 2035 non
283 1973 391 2049 magnis
402 1971 506 2049 opihus
517 1971 637 2030 iucunde
652 1988 774 2050 corpora
786 1971 944 2046 habehant,

216 2058 383 2136 praesertim
395 2073 458 2114 cum
468 2064 624 2133 tempestas
635 2055 745 2115 ridebat
757 2065 785 2115 et
797 2057 860 2114 anni

216 2152 343 2219 tempora
356 2139 511 2218 pingebant
519 2139 663 2199 viridantis
675 2139 790 2199 ilorihus
801 2139 915 2198 herhas.

136 2235 202 2289 1395
220 2234 277 2285 tum
289 2227 369 2298 ioca,
383 2233 441 2283 tum
453 2241 564 2299 sermo,
578 2233 635 2283 tum
646 2220 746 2282 dulces
760 2241 826 2282 esse
839 2221 966 2282 cachinni

219 2316 397 2369 consuerant.
411 2309 534 2384 agrestis
545 2309 620 2365 enim
631 2315 688 2365 tum
699 2324 777 2365 musa
791 2306 921 2382 vigebat:

217 2402 274 2451 tum
285 2399 370 2467 caput
381 2399 468 2466 atque
479 2407 592 2449 umeros
605 2388 697 2464 plexis
708 2388 839 2448 redimire
850 2390 964 2448 coronis

218 2471 464 2534 ilorihusetioliis
478 2471 594 2530 lasciuia
607 2471 838 2546 lactamonehat,
1058 2533 1060 2540 ,
1102 2541 1108 2549 „

216 2568 301 2636 atque
315 2563 394 2614 extra
407 2571 553 2612 numerum
565 2553 724 2631 procedere
736 2554 862 2613 membra
874 2563 1027 2615 moventes

136 2650 202 2706 1400
217 2641 322 2700 duriter
334 2648 362 2697 et
374 2637 443 2697 duro
456 2647 558 2698 terram
569 2638 645 2715 pede
656 2636 767 2716 pellere
779 2646 909 2708 matrem;

218 2724 292 2784 unde
304 2723 466 2782 oriebantur
478 2724 551 2780 risus
564 2720 721 2800 dulcesque
732 2722 876 2799 cachinni,

219 2808 309 2867 omnia
321 2806 397 2886 quod
407 2823 480 2866 nova
491 2815 549 2865 tum
561 2808 651 2883 magis
662 2806 735 2866 haec
746 2815 775 2865 et
786 2808 854 2866 mira
865 2803 1010 2884 vigebant.

218 2903 246 2952 et
258 2891 439 2969 vigilantibus
450 2891 515 2949 hinc
527 2889 643 2949 aderant
653 2889 762 2949 solacia
773 2892 879 2964 somni,

218 2976 324 3035 ducere
335 2973 504 3034 multimodis
514 2990 604 3032 voces
615 2981 644 3031 et
655 2972 774 3032 flectere
787 2982 885 3031 cantus

135 3066 203 3122 1405
220 3068 249 3117 et
261 3076 364 3135 supera
379 3057 503 3116 calamos
517 3073 590 3115 unco
603 3072 773 3132 percurrere
787 3053 884 3120 lahro;

219 3138 293 3199 unde
307 3143 390 3199 etium
400 3139 504 3217 vigiles
515 3156 589 3198 nuuc
599 3139 671 3198 haec
682 3145 804 3213 accepta
818 3144 947 3211 tuentur,

220 3231 250 3282 ct
259 3240 403 3281 numerum
414 3241 528 3282 servare
540 3224 618 3282 souis
630 3219 771 3293 didicere,
784 3235 878 3296 neque
890 3217 948 3278 hilo

219 3308 354 3366 maiorem
364 3306 473 3366 interca
485 3308 599 3383 capiunt
610 3302 763 3363 dulcedini‘
775 3300 896 3358 fructum

221 3407 304 3467 quam
316 3387 447 3447 silvestre
458 3406 549 3465 genus
562 3388 693 3466 capiebat
705 3385 917 3461 terrigenarum.

141 3485 207 3541 1410
223 3491 286 3534 nam
298 3470 376 3552 quod
386 3470 467 3532 adest
481 3480 612 3550 praesto,
624 3472 677 3531 nisi
690 3467 757 3549 quid
768 3469 952 3544 cognorimus
964 3477 1029 3530 auto
