2340 3854
137 183 200 249 150
618 179 644 237 V

218 331 377 422 'corripiunt
390 341 483 403 duum
496 343 627 422 percussi
638 342 761 403 membra
771 342 890 420 timore,

221 426 326 505 nequid
337 425 375 486 ob
385 425 536 487 admissum
550 425 636 487 foede
650 425 793 487 dictumve
806 425 932 504 superbe

224 526 377 589 poenarum
391 526 479 585 grave
492 510 528 569 sit
539 508 669 570 solvendi
683 518 795 587 tempus
807 504 955 569 adurunt

223 610 330 654 summa
341 593 424 652 etiam
436 609 500 651 cum
514 593 558 653 uis
568 591 686 653 uiolenti
697 609 751 670 per
760 609 838 653 mare
848 591 927 651 senti

142 686 207 740 ωδ
222 675 449 751 induperatorem
464 673 565 737 classis
577 693 664 752 auper
674 691 799 752 aequora
812 675 901 735 verrit

223 777 288 819 cunr
298 757 397 819 validis
409 759 514 834 pariter
524 756 686 836 legionibus
696 767 782 836 atque
795 756 972 834 elephantis,

222 859 279 901 non
293 841 387 901 divona
397 858 498 919 paoem
511 844 586 902 votis
596 840 653 902 adit
667 859 702 901 ac
715 858 805 920 prece
819 842 930 917 quaesit

222 933 369 984 ventorum
381 923 498 1000 pavidus
513 941 601 1000 paces
612 925 774 1001 animasque
786 922 942 999 secundas,

222 1007 407 1086 nequiquam,
423 1008 553 1086 quoniam
563 1006 688 1066 violento
703 1008 814 1067 turbine
825 1024 914 1085 saepe

141 1100 208 1153 1230
223 1098 371 1168 correptus
386 1088 444 1148 nilo
457 1088 548 1150 lertur
557 1091 648 1149 minus
658 1089 694 1150 ad
704 1089 774 1150 vada
784 1085 855 1151 latii

222 1191 313 1252 usque
323 1172 396 1232 adeo
406 1190 454 1235 res
465 1171 598 1233 humanas
611 1175 655 1234 vis
666 1172 759 1234 abdita
771 1171 908 1250 quaedam

223 1257 344 1335 opterit,
357 1265 387 1315 ot
397 1255 533 1334 pulchros
545 1255 632 1316 lascis
643 1273 799 1334 saevasque
810 1272 930 1315 secures

222 1338 391 1418 proculcare
402 1357 437 1399 ae
448 1339 568 1399 ludibrio
581 1339 634 1399 sibi
644 1337 750 1398 babere
765 1339 885 1398 videtur.

223 1423 344 1500 denique
355 1422 409 1482 sub
420 1421 541 1501 pedibus
552 1420 638 1483 tellus
650 1439 713 1482 cum
723 1431 782 1482 tota
796 1418 909 1481 vacillat

139 1514 206 1569 1235
224 1523 439 1583 concussaeque
454 1505 556 1565 cadunt
567 1505 654 1565 urbes
668 1503 826 1583 dubiaeque
836 1505 990 1581 utuntur,

224 1587 291 1668 quid
300 1589 415 1664 mirum,
430 1589 454 1647 si
465 1607 498 1648 se
510 1597 636 1648 temnunt
647 1587 774 1647 mortalia
787 1586 885 1648 saecla

222 1680 307 1749 atque
322 1672 471 1750 potestatis
485 1689 600 1748 magnas
613 1672 753 1748 mirasque
764 1671 926 1748 relinquunt

220 1756 250 1814 in
260 1754 347 1816 rebus
357 1755 425 1812 viris
435 1752 545 1831 divum,
558 1772 630 1831 quae
646 1764 746 1814 cuncta
760 1749 940 1832 gubernent?

265 1836 348 1909 Quod
360 1847 502 1914 superest,
513 1855 564 1897 aas
574 1848 659 1915 atque
671 1855 768 1897 aurum
779 1837 941 1915 ferrumque
951 1844 1126 1916 repertumst

140 1929 207 1984 1240
222 1930 252 1980 et
267 1918 348 1979 simul
362 1921 471 1997 argenti
482 1918 593 1999 pondus
603 1920 767 1998 plumbique
781 1929 927 2001 potestas,

222 2006 296 2081 ignia
307 2004 354 2063 ubi
366 2004 490 2081 ingentis
502 2002 588 2064 silvas
598 2004 699 2064 ardore
714 2012 852 2065 cremarat

222 2088 363 2147 montibus
374 2088 402 2146 in
413 2088 537 2165 magnis,
551 2107 603 2147 seu
615 2088 697 2147 caelo
708 2086 825 2148 lulmiue
839 2088 944 2166 misso,

222 2169 375 2313 livetlluod·
382 2172 455 2312 irtrtpr
466 2189 498 2231 se
506 2169 616 2314 tbellum
628 2170 762 2314 εῐίἰνοξιὲο
770 2179 910 2270 'gerentes

242 2269 297 2312 osu
319 2271 505 2314 usrnneran
528 2273 536 2312 ι
578 2272 624 2314 em
650 2271 720 2313 ormr
739 2272 821 2315 muse

141 2343 206 2399 1245
223 2337 284 2397 sive
297 2336 373 2415 quod
383 2335 489 2396 inducti
503 2272 596 2397 tertrlae
608 2337 732 2398 bonitate
747 2270 891 2397 volelfm’

222 2418 346 2495 pandere
358 2436 443 2496 agros
455 2420 568 2496 plnguis
582 2428 613 2480 et
628 2437 732 2496 pascua
746 2420 867 2481 reddere
876 2435 958 2495 rura,

223 2503 284 2561 sive
295 2499 371 2561 ieras
386 2501 548 2562 interlicere
560 2512 589 2563 et
600 2501 743 2563 ditescere
757 2502 876 2584 praeda:

220 2602 283 2643 nam
294 2582 378 2644 lovea
388 2593 473 2661 atque
485 2585 543 2662 igni
554 2586 632 2663 prius
643 2596 687 2647 est
697 2587 827 2648 venarier
837 2593 928 2645 ortum

222 2685 303 2745 quam
316 2669 427 2744 saepire
439 2667 531 2745 plagis
547 2668 648 2730 saltum
659 2670 832 2749 canibusque
847 2669 934 2729 ciera.

138 2762 206 2813 1250
222 2750 357 2829 quidquid
368 2751 396 2810 id
407 2761 469 2829 est,
486 2769 662 2830 quacumque
674 2771 691 2812 e
703 2771 788 2814 causa
798 2751 942 2812 flammeus
955 2750 1037 2815 ardor

221 2833 348 2894 horribili
360 2838 453 2896 sonitu
468 2834 554 2895 silvas
565 2835 701 2895 exederat
711 2836 776 2897 altis

220 2917 255 2976 ab
266 2917 409 2978 radicibus
420 2929 450 2978 et
461 2928 564 2977 terram
576 2929 746 2994 percoxerat
757 2919 831 2996 igni,

220 3001 347 3060 manabat
358 3003 440 3062 venis
450 3000 627 3062 ferventibus
637 3004 666 3060 in
677 3000 742 3062 loca
752 3011 845 3061 terrae

222 3101 346 3143 concava
361 3086 534 3147 conveniens
548 3085 658 3162 argenti
669 3085 746 3146 nans
761 3094 790 3145 et
800 3085 876 3161 auri,

140 3176 205 3229 1255
221 3167 296 3226 aeris
307 3168 374 3225 item
384 3176 413 3227 et
428 3166 544 3244 plumbi.
558 3186 630 3245 quae
646 3185 710 3228 oum
725 3177 860 3229 concreta
873 3164 1014 3229 videbant

221 3250 364 3326 posterius
376 3249 453 3311 claro
464 3253 492 3310 in
506 3260 582 3311 terra
594 3248 746 3330 splendere
760 3249 878 3329 colore,

220 3330 358 3392 tollebant
371 3332 458 3392 nitido
470 3335 544 3412 capti
554 3333 670 3414 leuique
682 3332 800 3414 lepore,

220 3425 250 3475 et
261 3414 344 3475 simili
354 3415 471 3478 iormata
480 3417 614 3478 videbant
625 3437 691 3480 esse
707 3418 796 3495 ligura
