2340 3854
542 218 584 280 1t¹

155 385 300 448 adfirmant
310 383 398 464 volgo
409 387 546 448 taciturus
556 385 669 448 silentis
677 385 787 465 rumpi,

156 468 381 549 chordarumque
392 487 480 531 sonos
495 470 573 548 lieri,
586 468 736 548 dulcisque
748 466 912 549 puerellus,
1019 499 1026 509 -

154 553 223 613 tibio
234 570 303 631 quos
315 551 405 615 fundit
415 552 511 631 digitis
521 553 632 632 pulsato
644 561 807 630 carentum,

156 644 186 697 et
197 654 288 714 penus
304 634 462 713 agricolum
472 635 530 697 luto
540 637 719 711 sentiscere,
732 653 817 714 quom
828 635 884 699 l‘rn

90 727 144 782 585
156 720 241 798 pineo
251 718 378 781 semiferi
390 720 494 800 cepitis
505 717 644 781 velamina
655 735 793 796 quassans

156 819 231 862 unco
242 819 332 881 saepe
342 800 424 862 lobro
434 799 558 864 culsmos
570 802 712 882 percurrit
723 801 841 878 dirutis,

156 884 250 946 fistulo
261 884 424 947 silvestrem
436 903 473 947 ne
488 895 585 948 cesset
595 884 715 946 fundere
726 902 841 946 0000000.

157 978 254 1029 cetero
265 966 301 1028 de
312 985 421 1046 genere
432 968 490 1030 lroo
500 978 625 1044 monstro
637 987 671 1029 ac
682 978 814 1048 portento
826 966 998 1047 loquentur,

155 1070 193 1112 00
204 1049 269 1111 1000
280 1050 395 1115 deserto
403 1052 441 1114 ob
452 1052 525 1114 divis
537 1070 653 1131 quoque
663 1052 740 1114 forte
752 1060 888 1130 putentur

90 1143 144 1197 500
155 1133 217 1196 solo
227 1144 336 1197 tenere.
348 1134 414 1196 ideo
425 1137 529 1196 isotont
539 1134 673 1196 miracula
685 1135 785 1215 dictis,

156 1227 203 1278 000
214 1216 307 1296 eliqua
318 1220 427 1278 ratione
439 1216 494 1278 0110
506 1217 662 1293 ducuntur,
674 1227 706 1276 ut
717 1234 801 1277 omne

155 1300 304 1361 homonum
314 1318 407 1378 genus
419 1310 465 1362 est
475 1300 587 1360 uvidum
597 1300 672 1359 nimi’
684 1299 871 1359 miroolornm.

200 1381 283 1456 Quod
295 1393 446 1461 superest,
457 1400 514 1443 non
527 1391 572 1444 est
583 1381 736 1442 mirandum
747 1383 937 1460 0000001000,

156 1485 211 1546 per
222 1466 288 1527 loos
299 1482 372 1544 quoe
383 1474 528 1544 nequeunt
540 1463 617 1525 oculi
627 1483 676 1526 res
688 1483 808 1526 cornere
818 1473 948 1543 opertos,

95 1558 147 1614 505
158 1550 230 1610 hacc
242 1549 308 1610 loce
319 1567 373 1628 per
382 1565 473 1610 voces
484 1550 598 1610 0001000
607 1549 740 1627 surisque
752 1546 914 1624 10000εο00,
1032 1588 1040 1597 ·

161 1632 344 1712 conloquium
355 1631 461 1694 clausis
472 1632 582 1694 loribus
595 1649 651 1710 quo
663 1650 752 1711 ssepe
766 1631 910 1699 0101000000

157 1718 301 1794 nimirum,
314 1717 379 1796 quie
390 1733 448 1777 vox
459 1734 512 1796 per
523 1715 597 1778 dexo
607 1715 741 1776 iororuino
751 1731 846 1777 rerum

157 1799 306 1862 incolumis
317 1802 438 1864 ucmtre
449 1808 566 1880 potest,
578 1797 728 1861 simulacro
738 1807 883 1861 rcnutmt:

157 1884 375 1964 perscinduntur
387 1885 478 1962 eninr,
490 1885 544 1946 nisi
555 1893 635 1946 recta
645 1883 781 1944 foramina
793 1890 917 1958 tranant,

94 1977 147 2031 600
159 1967 251 2047 qualia
263 1976 327 2030 sunt
338 1969 421 2044 vitri,
434 1969 552 2046 species
563 1985 619 2045 quo
628 1965 748 2027 travolat
759 1967 857 2028 omnis.

157 2059 308 2131 praetereo
319 2052 406 2128 partis
419 2052 448 2110 in
459 2058 576 2110 cunctus
587 2049 718 2109 dividitur
728 2067 802 2126 vox,

158 2151 196 2195 ex
207 2131 269 2192 01110
281 2131 353 2192 01100
364 2133 494 2211 quonism
504 2134 674 2210 gignuntur,
688 2131 737 2191 ubi
747 2149 803 2192 uno

158 2215 281 2277 dissiluit
292 2214 382 2277 semel
395 2217 423 2275 in
434 2215 535 2278 multus
547 2225 662 2293 exortu,
674 2217 755 2292 quasi
765 2217 838 2293 iguis

157 2318 249 2379 saepe
260 2297 337 2360 solet
349 2298 472 2361 scintilla
483 2316 551 2362 suos
563 2317 597 2360 se
608 2317 747 2378 sporgere
758 2301 786 2358 in
797 2301 885 2376 ignir.⁴

92 2393 145 2449 605
158 2401 232 2462 erpo
240 2381 388 2462 replentur
398 2381 464 2444 1000
474 2383 594 2444 vocibus
607 2383 700 2444 obdito
710 2392 788 2444 rotro

159 2469 250 2529 omniu
261 2485 333 2546 quoe
346 2468 451 2530 circum
461 2468 581 2530 subsunt
593 2469 745 2546 sonituque
758 2469 876 2529 cientur.

158 2560 187 2612 00
198 2549 346 2613 simulacro
360 2553 414 2613 riis
426 2551 551 2614 derectis
564 2554 655 2612 omniu
665 2550 784 2613 tendunt

160 2645 191 2696 ut
205 2644 270 2696 snut
280 2635 366 2696 misso
376 2633 483 2703 semcl;
496 2644 671 2713 quopropter
682 2653 804 2695 eernere
814 2649 898 2694 nemo

160 2736 278 2797 saepem
289 2717 362 2778 ultro
373 2720 449 2797 potis
461 2725 524 2792 est,
537 2726 565 2776 st
576 2735 667 2778 voces
677 2718 812 2794 occipere
823 2724 912 2776 extro.

96 2810 150 2865 610
161 2810 191 2863 00
203 2812 297 2864 tumen
309 2803 371 2880 ipse
382 2817 497 2879 quoqne
510 2799 600 2877 lraec,
613 2799 679 2859 doro
689 2799 789 2858 transit
800 2796 896 2858 010000
907 2796 1074 2871 domorum,

160 2903 218 2946 vox
229 2883 393 2964 optunditur
403 2893 490 2963 utque
501 2875 576 2943 curis
593 2880 712 2942 contum
723 2888 872 2959 penetrat,

160 2978 190 3029 et
202 2970 324 3030 sonitum
335 2969 430 3047 potius
442 2983 524 3045 quom
535 2965 623 3028 verlm
635 2964 731 3026 audire
742 2962 880 3025 videmur.

202 3049 282 3129 Neo,
295 3053 344 3131 qui
358 3052 495 3113 scutimus
506 3062 620 3127 sucum,
633 3048 730 3127 lingue
740 3055 826 3125 utque
839 3043 961 3125 polutum

162 3133 325 3215 plusculum
333 3135 438 3196 habent
449 3136 478 3194 in
489 3152 522 3197 ss
533 3134 650 3196 00010010
661 3131 728 3210 plos
740 3147 892 3208 operuere.

96 3227 149 3282 615
162 3219 305 3298 principio
317 3236 417 3280 sucum
428 3219 566 3279 sentimus
577 3217 606 3277 in
619 3233 687 3292 ore,
701 3214 795 3275 cibum
806 3231 870 3275 oum

161 3300 319 3366 mandendo
331 3302 529 3380 exprimimus,
542 3318 597 3360 cen
609 3298 722 3378 plenam
731 3300 882 3378 spongiam
892 3296 974 3375 opuui

162 3386 252 3462 siquis
264 3385 338 3447 torte
352 3403 434 3448 mouu
446 3401 578 3463 promere
589 3400 624 3444 00
635 3383 746 3443 siucero
759 3382 865 3461 006010.

163 3467 228 3527 inde
241 3467 317 3546 quod
329 3469 509 3547 exprimimus
521 3484 575 3547 per
591 3465 687 3527 000100
703 3483 787 3526 omne
797 3464 884 3545 peleti
