2340 3854
140 197 181 260 10
629 196 642 257 Ι

264 363 326 425 Nec
340 373 433 425 tamen
444 364 567 442 undique
580 381 718 443 corporea
730 366 832 444 sulpata
842 372 977 428 tenentur
1028 390 1030 395 ·

159 461 211 516 330
224 451 315 509 omnia
326 457 436 507 natura:
451 465 571 525 namque
583 458 628 507 est
639 450 667 507 10
678 448 765 508 rebus
778 450 867 508 10000.

224 531 300 610 quod
310 531 360 591 tibi
373 548 517 607 cognosse
529 532 556 589 10
568 530 661 591 multis
673 533 727 591 erit
739 531 808 591 utile
821 534 926 609 rebus,

224 634 278 675 nec
291 617 365 675 sinet
375 624 515 673 errantem
527 613 653 674 dubitare
665 625 695 674 et
706 633 844 692 quaerere
855 633 970 694 semper

223 698 259 759 de
270 716 375 758 summa
386 715 478 757 rerum
491 707 519 757 et
530 700 635 757 nostris
647 697 776 759 diffidere
788 699 880 759 dictis.

225 783 410 861 [quapropter
420 780 502 842 locus
518 790 562 841 est
573 783 694 842 intactus
706 784 788 842 inane
799 783 973 861 vacansque}

157 877 207 930 335
219 865 330 945 quodsi
343 881 398 923 non
410 875 507 940 essct,
520 864 596 923 nulla
607 868 714 925 ratione
727 868 834 925 moveri

222 968 270 1009 res
282 956 415 1027 possent:
427 965 545 1024 namque
557 947 681 1008 officium
693 949 768 1026 quod
780 951 909 1028 corporis
922 958 1031 1026 exstat,

224 1032 342 1092 officere
353 1041 438 1108 atquc
451 1031 582 1108 obstare,
595 1031 624 1091 id
635 1034 663 1090 in
675 1035 748 1091 omui
759 1043 889 1112 tempore
901 1032 1016 1092 adesset

224 1116 367 1176 omnibus:
379 1113 451 1173 baud
463 1116 548 1191 igitur
560 1117 708 1193 quicquam
722 1117 882 1193 procedere
891 1126 1009 1194 posset,

224 1201 391 1278 principium
403 1200 532 1275 quoniam
544 1197 663 1258 cedendi
676 1198 751 1258 nulla
763 1200 842 1259 daret
853 1219 909 1259 res.

159 1294 211 1347 340
227 1293 254 1344 at
266 1301 340 1342 nunc
351 1299 405 1360 per
415 1283 498 1340 maria
510 1299 544 1341 ac
557 1291 649 1344 terras,
660 1282 835 1361 sublimaque
849 1282 921 1343 caeli

223 1366 309 1426 multa
320 1365 409 1425 modIs
421 1365 514 1425 multis
526 1368 601 1425 varia
614 1368 721 1426 ratione
733 1369 840 1426 moveri

225 1452 365 1510 cernimus
376 1459 440 1508 ante
453 1448 567 1516 oculos;
581 1467 670 1527 quae,
683 1452 772 1509 sinon
785 1461 865 1510 esset
876 1453 972 1526 inane,

223 1551 279 1593 non
291 1543 344 1591 tam
356 1531 481 1591 sollicito
493 1541 569 1590 motu
581 1533 688 1609 privata
700 1543 829 1593 carerent

223 1634 305 1694 quarn
316 1617 411 1692 genita
424 1616 535 1674 omnino
547 1614 623 1673 nulla
633 1617 740 1674 ratione
752 1616 890 1692 fuissent,

156 1712 208 1764 315
223 1700 345 1776 undique
357 1700 490 1758 materies
502 1699 630 1775 quoniam
643 1700 744 1776 stipata
756 1701 892 1776 quiesset.

223 1792 374 1863 praeterea
386 1783 512 1859 quamvis
524 1781 632 1841 solidae
643 1800 690 1842 res
702 1801 769 1842 esse
781 1792 930 1860 putentur,

222 1867 288 1926 binc
299 1876 391 1925 tamen
404 1884 470 1925 esse
482 1864 550 1925 licet
559 1882 623 1924 raro
636 1883 698 1925 cum
710 1882 832 1944 corpore
846 1884 955 1925 cernas.

222 1953 250 2010 in
263 1952 337 2010 sanis
349 1966 383 2008 ac
394 1947 540 2026 speluncis
551 1958 695 2027 permanat
706 1967 839 2027 aquarum

223 2033 346 2112 liquidus
359 2049 438 2091 umor
449 2043 479 2092 et
490 2033 625 2092 uberibus
637 2033 705 2093 dent
719 2035 810 2092 omnia
821 2035 918 2111 guttis.

157 2128 209 2181 350
223 2119 341 2196 dissipat
352 2119 379 2175 in
392 2133 496 2195 corpus
508 2135 575 2176 sese
589 2117 669 2176 cibus
685 2134 766 2176 omne
778 2119 959 2176 animantum:

224 2211 357 2263 crescunt
369 2201 482 2261 arbusta
493 2209 522 2260 et
533 2199 608 2259 ictus
620 2203 647 2258 in
659 2211 787 2278 tempore
800 2200 935 2277 fundunt,

223 2286 299 2363 quod
311 2285 392 2345 cibus
404 2285 431 2341 in
442 2293 517 2343 totas
528 2300 618 2360 nsque
630 2284 665 2342 ab
681 2283 823 2342 radicibus
837 2286 898 2342 imis

223 2387 276 2447 per
288 2377 403 2427 truncos
414 2383 449 2426 ac
461 2384 514 2443 per
524 2365 788 2425 ramos'dillunditur
799 2369 897 2426 omnis.

223 2454 297 2511 iuter
307 2459 406 2528 saepta
415 2456 508 2508 meant
520 2465 609 2508 voces
621 2457 651 2508 et
663 2447 759 2508 clausa
773 2448 917 2510 domorum

153 2545 205 2598 355
219 2532 428 2608 transvolitant,
442 2531 562 2609 rigidum
573 2541 716 2610 permanat
727 2531 817 2610 frigus
830 2534 864 2594 ad
877 2553 951 2597 ossa.
1003 2577 1009 2588 ·

222 2616 298 2696 quod
310 2618 362 2675 nisi
374 2617 464 2674 inania
475 2617 547 2691 sint,
561 2632 615 2692 qua
629 2632 750 2693 corpora
761 2635 891 2697 quaeque
902 2620 1030 2681 valerent

222 2701 340 2762 transire
352 2697 425 2758 baud
437 2697 494 2758 ulla
505 2699 565 2758 lieri
577 2700 684 2759 ratione
696 2699 819 2763 videres.

222 2784 344 2861 denique
357 2801 407 2843 cur
418 2781 487 2842 alias
498 2782 560 2842 01110
573 2793 717 2862 proestare
729 2785 856 2847 videmus

221 2867 348 2948 pondere
360 2885 407 2926 res
423 2868 508 2926 rebus
522 2866 579 2926 0110
590 2870 696 2928 maiore
708 2868 817 2947 ligura?
886 2904 887 2908 =

156 2961 209 3016 360
221 2968 282 3011 narn
296 2952 320 3010 si
332 2949 521 3011 tantundemst
532 2953 559 3010 10
571 2950 651 3012 10000
662 2951 791 3030 glomere
803 2961 933 3031 quantum

222 3035 351 3112 corporis
367 3035 395 3092 10
406 3034 522 3112 plumbo
533 3043 595 3113 est,
613 3039 774 3098 tantundem
786 3034 913 3113 pendere
925 3052 976 3112 par
988 3044 1049 3104 est;

221 3119 350 3195 corporis
363 3117 515 3179 ciliciumst
527 3123 657 3197 quoniam
669 3138 800 3200 premere
812 3119 901 3177 omnia
914 3116 1065 3197 deorsum,

220 3209 317 3261 contra
329 3211 421 3262 autem
432 3213 528 3263 natura
539 3215 631 3265 manet
643 3205 704 3264 0100
715 3202 842 3281 pondere
856 3203 952 3262 inanis.

219 3302 290 3361 ergo
303 3285 379 3363 quod
390 3297 546 3363 magnumst
558 3305 649 3365 aeque
662 3287 810 3364 leviusque
821 3283 949 3364 videtur,

153 3377 205 3433 365
217 3370 361 3446 nimirum,
373 3369 438 3448 plus
451 3389 519 3430 esse
533 3372 586 3431 sibi
599 3369 726 3430 declarat
739 3369 844 3428 inanis:

217 3461 244 3510 ut
258 3455 481 3530 coutragrauius
493 3452 559 3531 plus
571 3456 643 3515 inse
657 3454 787 3532 corporis
800 3473 868 3514 esse
