2340 3854
136 190 199 269 ris
620 206 661 268 rv

223 373 369 434 discutere
385 382 414 433 et
427 391 532 453 corpus
546 372 582 434 de
593 383 669 436 terra
681 376 830 454 corripere
843 376 947 438 instant

220 455 341 537 proinde
353 458 434 535 quasi
445 459 557 535 ignotas
568 457 658 519 facies
669 467 756 537 atque
769 477 819 519 ora
830 469 952 521 tuantur.

221 550 251 601 et
264 558 320 619 quo
333 558 464 619 quaeque
477 543 567 618 magis
579 551 644 603 suut
655 560 757 621 aspera
769 545 968 623 sommiorum,

220 635 276 685 tam
289 625 380 701 magis
393 626 421 683 iu
432 626 540 686 somnis
552 624 651 685 eadem
663 627 775 686 saevire
786 637 953 689 necessust:

138 721 209 774 1000
224 718 252 768 at
262 709 357 767 variae
369 707 480 785 lugiunt
490 708 625 769 volucres
636 710 788 789 pinnisque
799 720 921 790 repente

221 791 376 852 sollicitant
388 791 481 853 divom
493 802 633 854 nocturno
645 801 776 872 tempore
787 791 888 872 lucos,
964 816 968 822 ’

221 877 376 954 accipitres
389 892 489 935 somno
504 877 532 935 in
542 874 600 935 leni
612 878 636 939 si
648 876 758 956 proelia
768 895 880 956 pugnas

222 958 310 1019 edere
322 968 387 1019 suut
398 968 597 1038 persectantes
611 963 749 1039 visaeque
759 959 899 1021 volantes.

221 1059 309 1122 porro
320 1042 463 1102 hominum
473 1053 601 1121 mentes,
613 1046 721 1122 maguis
735 1046 782 1124 qui
792 1044 929 1105 mortibus
942 1044 1030 1106 edunt

140 1142 206 1193 1005
221 1144 338 1205 magna,
350 1126 447 1187 itidem
458 1145 547 1206 saepe
559 1129 587 1186 iu
600 1129 706 1189 somnis
717 1127 882 1207 iaciuntque
891 1136 1071 1209 gerantque,

221 1229 309 1289 reges
322 1221 501 1290 expugnant,
516 1213 678 1290 capiuntur,
691 1211 802 1290 proelia
812 1214 950 1290 miscent,

221 1295 325 1355 tollunt
338 1294 506 1374 clamorem,
520 1297 599 1374 quasi
610 1297 634 1356 si
644 1295 807 1373 iugulentur
818 1295 932 1356 ibidem.

221 1378 301 1438 multi
317 1378 480 1457 depugnant
492 1382 672 1458 gemitusque
685 1379 831 1439 doloribus
843 1379 946 1458 edunt,

223 1473 251 1522 et
265 1464 344 1542 quasi
358 1463 512 1541 pantherae
523 1481 619 1524 morsu
630 1465 745 1524 saevive
757 1461 849 1523 leonis

139 1559 207 1612 1010
221 1546 386 1606 mandantur
396 1549 505 1624 maguis
520 1546 688 1607 clamoribus
701 1547 791 1607 omnia
804 1545 958 1625 complent.

221 1630 301 1689 multi
314 1629 349 1689 de
361 1633 469 1707 maguis
480 1648 534 1710 per
545 1648 672 1715 somnum
681 1630 761 1691 rebu'
774 1629 943 1709 loquuntur,

222 1713 385 1792 indicioque
398 1716 441 1773 sui
453 1715 521 1775 lacti
530 1732 673 1794 persaepe
688 1714 779 1775 luere.

223 1797 301 1857 mulli
312 1805 432 1857 mortem
444 1799 558 1858 obeunt.
573 1797 669 1876 multi,
685 1798 720 1858 de
735 1797 877 1858 montibus
889 1795 955 1857 altis

223 1890 253 1940 ut
266 1883 313 1960 qui
326 1882 516 1961 praecipitent
531 1882 565 1942 ad
577 1891 680 1942 terram
692 1899 815 1962 corpore
826 1889 905 1958 toto,

140 1978 206 2031 1015
222 1975 433 2044 experguutur,
448 1976 477 2027 et
489 1985 526 2027 ex
536 1983 635 2027 somno
649 1968 728 2045 quasi
739 1965 873 2026 mentibu’
885 1965 961 2043 capti

221 2052 269 2110 vix
279 2050 313 2109 ad
326 2069 359 2109 se
373 2049 511 2128 redeunt,
524 2053 646 2130 permoti
658 2052 788 2129 corporis
801 2057 892 2110 aestu.

223 2134 326 2194 llumen
338 2136 406 2194 item
418 2136 518 2196 sitiens
530 2144 576 2194 aut
591 2134 698 2195 loutem
708 2144 829 2214 propter
839 2147 987 2192 amoenum

221 2217 332 2278 adsidet
347 2227 376 2278 et
393 2227 482 2278 totum
493 2235 585 2298 prope
599 2218 729 2281 lancibus
742 2224 866 2294 occupat
876 2232 996 2276 amnem.

223 2303 285 2379 puri
297 2319 386 2380 saepe
396 2300 489 2362 lacum
500 2311 620 2381 propter
631 2304 655 2363 si
667 2320 701 2363 ac
716 2301 791 2362 dolia
805 2309 885 2360 curta

142 2395 208 2448 1020
223 2402 323 2446 somno
337 2385 462 2445 devincti
475 2385 593 2445 credunt
605 2404 638 2446 se
651 2385 792 2446 extollere
803 2392 934 2461 vestem,

222 2471 308 2528 totius
321 2485 447 2527 umorem
459 2479 603 2529 saccatum
615 2471 737 2548 corpori'
749 2468 884 2544 fundunt,

224 2570 288 2612 cum
298 2551 472 2626 Babylonica
482 2554 631 2630 magnifico
643 2553 798 2632 splendore
809 2554 944 2629 rigantur.

223 2646 281 2697 tum
296 2637 397 2715 quibus
410 2638 509 2697 aetatis
522 2637 594 2698 lreta
605 2639 733 2718 primitus
744 2639 900 2696 insinuatur

223 2740 338 2799 semen,
350 2721 399 2781 ubi
411 2723 473 2801 ipsa
487 2722 548 2783 dies
563 2723 696 2782 membris
709 2730 816 2781 matura
828 2718 952 2796 creavit,

142 2815 207 2868 loli
224 2808 396 2866 conveniunt
409 2805 558 2866 simulacra
571 2807 640 2867 loris
654 2827 670 2867 e
685 2822 809 2885 corpore
823 2801 960 2882 quodam,

223 2891 319 2950 nuntia
328 2889 468 2969 praeclari
480 2889 574 2951 voltus
586 2890 755 2970 pulchrique
771 2888 895 2965 eoloris,

226 2975 273 3054 qui
285 2975 342 3035 ciet
354 2976 469 3034 inritans
481 2973 546 3034 loca
557 2974 667 3052 turgida
678 2976 786 3034 semiue
799 2971 906 3048 multo,

224 3068 252 3117 ut
265 3060 344 3136 quasi
355 3059 504 3118 transactis
519 3076 607 3136 saepe
620 3058 742 3118 omnibu'
755 3057 835 3117 rebu'
846 3052 1019 3134 profundant

225 3141 345 3201 lluminis
357 3143 481 3218 ingentis
494 3140 597 3201 lluctus
609 3151 778 3222 vestemque
795 3148 954 3201 cruenteul.

144 3234 211 3288 1030
267 3223 445 3284 Sollicitatur
454 3224 482 3283 id
495 3227 526 3284 in
538 3226 640 3304 uobis,
655 3226 731 3305 quod
743 3226 863 3285 diximus
874 3232 956 3298 aute,

225 3327 342 3387 semen,
359 3306 453 3368 adulta
464 3317 542 3370 aetas
556 3328 618 3370 cum
629 3313 748 3390 primum
759 3310 875 3369 roborat
885 3316 972 3367 artus.

224 3412 344 3472 namque
356 3392 425 3453 alias
437 3392 511 3452 aliud
525 3414 573 3456 res
588 3404 748 3455 commovet
760 3403 845 3473 atque
859 3391 994 3452 lacessit:

224 3498 262 3540 ex
273 3478 386 3539 homine
398 3477 547 3546 humanum
559 3498 659 3542 semen
672 3481 729 3539 ciet
742 3495 795 3537 una
807 3476 928 3536 hominis
939 3475 995 3534 ris.
