2340 3854
553 179 593 263 ll

156 349 249 414 donec
258 349 288 411 in
298 348 453 415 obscurum
465 351 529 412 ceni
540 351 675 418 sonuum
686 370 814 419 acumen.

88 443 143 498 430
153 433 183 495 in
193 433 300 513 pelago
310 434 403 498 naulis
415 451 453 494 ex
462 432 544 499 undis
557 445 636 516 ortus
645 437 677 500 iu
686 435 768 499 undis

155 517 200 580 scl
212 517 242 578 ut
252 518 292 579 uli
303 516 433 579 videatur
444 517 524 581 obire
536 528 566 578 et
578 518 705 586 condere
717 518 825 592 lumem

90 668 94 672 ,
155 603 262 681 quippe
274 601 322 661 ubi
331 600 371 661 nil
382 599 634 681 aliudnisiaquam
646 598 814 682 caelumque
825 615 941 683 0000000

154 704 191 746 ne
201 683 306 748 levium
317 684 419 747 credas
431 683 597 751 labefactari
609 684 733 831 undique
746 705 858 761 seusus,

154 770 277 836 armaris
289 770 395 847 ignaris
407 770 434 827 in
446 777 530 847 portu
541 763 682 831 claudani
702 779 784 832 entur

90 853 266 930 435navigia
277 851 413 932 aplustris
425 851 527 915 fractis.
535 851 658 917 obnitier
668 853 768 936 undae,
830 848 834 853 ’

154 953 218 996 nam
230 953 426 1014 quaecumque
437 953 523 1015 supra
534 952 629 1005 rorem
638 935 709 1001 salis
719 938 795 1001 edita
856 959 871 1002 s
884 949 929 1003 esi

155 1035 315 1096 remorum,
327 1027 408 1081 reela
418 1028 482 1097 esi,
493 1028 525 1081 ei
533 1025 613 1083 00000
623 1040 748 1103 superne
764 1040 804 1104 gu
825 1041 907 1087 euna:

155 1119 228 1182 0000
241 1102 371 1165 demersa
383 1101 524 1183 liquorem
535 1102 659 1182 ubeunl,
670 1105 794 1171 refracta
804 1103 936 1168 videntur

155 1187 246 1246 omnia
261 1189 391 1247 conserti
399 1205 569 1265 sursumque
581 1191 681 1267 supina
692 1189 800 1250 reverti

91 1277 145 1332 440
155 1278 185 1331 et
195 1269 305 1329 rellena
316 1287 408 1349 prope
420 1272 448 1332 in
460 1288 569 1331 summo
581 1270 690 1333 lluiture
701 1270 824 1352 liquore.

155 1370 273 1430 rareque
286 1370 339 1431 per
350 1351 461 1413 caelum
471 1369 535 1413 eum
545 1355 623 1415 venii
634 1352 729 1417 nubila
738 1363 850 1433 perleui
944 1377 949 1383 ·

155 1446 286 1514 tempore
298 1445 457 1512 nocturno,
471 1445 530 1495 ium
541 1435 689 1516 splendide
700 1438 781 1516 siqua
790 1435 920 1499 videnlur

155 1519 245 1580 labier
255 1517 406 1581 adversum
417 1519 528 1580 nimbos
539 1515 624 1598 alque
635 1523 678 1581 ire
690 1539 815 1601 superne
923 1554 929 1563 ·

154 1603 242 1681 longe
254 1601 494 1682 cliaminpartem
504 1621 539 1665 00
549 1622 617 1667 vera
628 1605 737 1665 relicus
747 1603 883 1666 feruntur.

92 1695 144 1750 445
155 1698 183 1749 at
194 1689 219 1748 si
231 1686 306 1748 forte
320 1685 406 1748 oculo
418 1704 515 1749 manus
528 1689 574 1750 uni
585 1688 696 1751 subdita
709 1699 810 1768 supter

155 1773 262 1853 pressit
274 1788 355 1850 eum,
369 1770 490 1850 quodam
501 1790 589 1835 sensu
601 1773 632 1835 lit
646 1775 686 1832 uui
697 1772 845 1835 videamur

156 1857 264 1933 omnia,
276 1873 349 1934 quae
360 1857 480 1934 tuimur,
493 1855 554 1917 lieri
564 1866 623 1921 tum
633 1857 698 1921 bine
709 1856 832 1935 tuendo,

156 1940 220 2000 bina
231 1939 412 1999 lucernarum
422 1938 550 2002 florentia
564 1939 667 2001 lumina
679 1939 813 2017 flammis,

156 2022 278 2101 binaque
289 2040 343 2100 per
352 2031 426 2082 iolas
438 2021 516 2083 aedis
528 2024 673 2100 geminare
685 2018 836 2100 supellex,

90 2113 143 2168 450
156 2114 185 2166 et
197 2102 320 2182 duplicis
331 2105 473 2165 hominum
484 2103 574 2163 iacies
586 2113 615 2164 et
629 2121 750 2184 corpora
761 2104 834 2164 bina.

156 2189 280 2266 denique
293 2205 357 2247 000
368 2189 447 2248 suavi
459 2185 584 2247 devinxit
594 2187 720 2249 membra
732 2203 839 2269 sopore

156 2289 272 2335 somnus
287 2280 317 2331 ei
328 2274 356 2332 in
368 2287 475 2332 summa
490 2288 595 2350 corpus
606 2271 681 2332 iacet
692 2289 774 2336 omne
787 2271 899 2351 quiete,

156 2366 215 2417 lum
226 2354 346 2433 vigilare
360 2355 547 2417 0000000010
560 2364 590 2415 el
599 2355 726 2416 membra
736 2372 853 2415 movere

155 2449 252 2503 nostra
262 2438 406 2517 videmur,
423 2448 452 2501 el
463 2440 492 2500 in
503 2441 596 2501 nocuis
610 2437 731 2518 ealigine
746 2452 833 2499 caeca
887 2511 889 2515 Ι

92 2530 143 2583 455
156 2541 276 2586 eernere
286 2538 437 2586 censemus
449 2522 543 2602 solem
554 2523 706 2604 lumenque
719 2521 862 2599 diurnum,

157 2605 353 2686 conclusoque
363 2606 431 2667 loeo
444 2606 555 2668 caelum
566 2625 642 2670 mure
655 2605 767 2669 lluminu
777 2607 879 2669 montis

128 2760 132 2766 ¹
155 2698 263 2751 mutare
274 2699 304 2750 et
315 2705 432 2768 campos
443 2690 565 2768 pedibus
576 2692 695 2767 transire
706 2689 851 2767 videmur,

155 2771 765 2851 etsonituseuulire,severasilenliancctis

156 2855 280 2934 undique
296 2873 361 2918 cum
372 2865 521 2934 constent,
533 2865 563 2917 si
576 2856 698 2920 reddere
710 2857 785 2918 dicta
795 2864 935 2919 tacentes.

92 2938 885 3018 460celeradegenerehocmiraculumultavidemus,

155 3041 229 3103 0000
240 3022 349 3085 uiolare
361 3022 446 3084 lidem
457 3024 537 3104 quasi
552 3025 684 3086 sensibus
696 3026 787 3084 omnia
799 3031 953 3102 quaerunt,

155 3111 342 3188 nequiquam,
355 3110 486 3186 quoniam
496 3126 562 3187 pars
573 3108 674 3168 horum
687 3109 804 3166 maxime
817 3105 888 3166 iallil

155 3202 275 3273 propter
286 3193 415 3271 opinatus
427 3193 528 3268 animi,
541 3209 615 3270 quos
627 3188 754 3265 addimus
768 3191 838 3268 ipsi,

155 3295 208 3355 pro
219 3277 289 3338 visis
301 3285 331 3334 ut
341 3278 397 3337 sint
410 3280 483 3354 0000
494 3290 550 3334 000
562 3283 627 3334 sunl
639 3273 765 3334 sensibu’
778 3275 852 3334 vise:
903 3329 905 3332 ,

91 3366 143 3421 465
155 3378 219 3421 nam
229 3359 269 3418 nil
279 3361 395 3438 aegrius
405 3368 450 3420 est
461 3374 543 3436 quum
554 3375 602 3418 res
616 3374 771 3418 secernere
784 3366 897 3434 sperius

155 3444 191 3503 ab
204 3442 311 3520 dubiis,
328 3444 434 3503 animus
447 3458 517 3520 quas
528 3440 563 3501 ab
579 3458 612 3500 se
625 3441 753 3520 protinus
765 3437 850 3499 addin.
