2340 3854
556 174 596 237 lv

162 342 252 421 alter,
265 350 295 402 et
310 340 359 402 illr
370 340 440 404 ferie
451 357 527 419 qnae
536 358 608 401 vere
617 341 847 419 trnaepieinntnr.
885 388 889 395 .

162 427 206 487 eie
217 425 266 485 nbi
283 421 706 503 saprimrpecdipmieatt
717 424 831 502 imago,

163 508 228 568 dum
241 508 319 568 venit
328 507 365 569 ad
376 516 491 568 normae
501 508 599 584 aeier,
611 506 752 586 protrudit
765 509 883 585 agitque

95 601 150 656 280
163 597 230 653 atra
242 592 292 669 qni
299 592 374 653 inter
383 609 417 652 ee
432 598 584 667 cumquest
593 589 755 669 eenlnrqne
768 589 897 669 ineatur,

163 684 193 736 et
203 675 271 735 feeit
282 683 312 734 nt
324 674 405 753 prins
415 672 491 734 hane
503 688 615 732 omnem
624 674 732 734 sentire
743 681 879 752 queamus

162 776 244 837 quam
256 756 421 837 speculam:
434 755 698 835 eednbispeenlnm
705 757 1078 839 qnoquesensimnripsnrn,

162 842 325 902 continnae
334 839 418 903 nobie
429 840 531 899 iterum
541 856 614 917 qnae
623 838 714 900 iertnr
728 841 821 919 imago

161 924 311 1003 pervenit,
326 931 356 984 et
366 932 481 984 nosnos
491 921 593 984 aanor
605 924 713 985 reiecta
726 926 844 1001 revisit,

95 1015 148 1071 285
163 1017 250 1086 atque
261 1006 345 1067 aliurn
359 1024 428 1086 prae
439 1025 472 1068 se
486 1006 656 1087 propellens
665 1014 733 1068 adra
744 1005 851 1086 volvit,

161 1090 269 1152 etfacit
280 1092 400 1171 ntprina
411 1090 581 1169 lunequmn
590 1110 625 1152 ee
636 1090 799 1169 videamur,
812 1109 906 1170 eoque

160 1175 264 1236 distare
279 1176 314 1235 ab
325 1173 451 1254 epeenln
462 1183 567 1235 tanturn
577 1185 686 1236 remota
696 1174 817 1234 videtur.

161 1277 248 1337 qnare
259 1260 343 1318 etiam
354 1265 440 1336 atque
453 1259 539 1319 etiarn
549 1258 662 1318 minime
672 1259 799 1317 mirarier
812 1266 858 1317 ert
868 1276 936 1337 par,

159 1342 274 1403 aeribus
285 1341 360 1401 binis
373 1343 504 1419 qnoniam
515 1359 563 1402 ree
576 1340 663 1401 eadit
673 1349 801 1419 utraque,

94 1431 148 1487 290
159 1440 234 1485 nune
246 1441 281 1484 ea
292 1425 461 1502 qnaennhie
470 1423 659 1484 membrorum
668 1423 785 1485 dextera
796 1441 861 1502 pars
874 1435 934 1503 eet,

159 1510 188 1569 in
199 1505 329 1587 speculis
338 1506 368 1567 iit
379 1515 409 1566 ιιι
420 1509 448 1567 in
460 1506 541 1568 laeva
551 1506 680 1568 videatur
691 1525 728 1568 eo
742 1507 817 1587 quod

158 1591 304 1672 planitiem
314 1591 349 1650 ad
360 1590 473 1670 epeenli
483 1591 602 1654 veniens
613 1610 678 1653 enm
689 1592 807 1653 oliendit
817 1594 926 1670 imago,

158 1693 215 1736 non
230 1676 405 1736 convertitur
415 1673 582 1754 ineolumis,
594 1675 648 1737 sed
658 1685 740 1737 reeta
752 1686 909 1738 retrorsum

160 1761 203 1822 aie
213 1757 344 1836 eliditur,
356 1767 386 1819 nt
396 1759 503 1837 siquis,
519 1761 597 1839 prins
609 1759 685 1821 arida
697 1778 778 1839 qnam
790 1763 827 1822 eit

94 1848 145 1903 295
161 1852 257 1905 cretea
271 1860 411 1922 perrona,
426 1843 529 1904 adlidat
541 1844 653 1924 pilaeve
664 1845 789 1922 trebiae,

159 1936 244 2006 atque
256 1944 290 1987 ea
302 1928 436 1987 continno
449 1937 558 1988 rentem
568 1930 594 1990 si
605 1928 699 1989 fronte
712 1930 828 2005 liguram

158 2018 257 2071 servet
268 2018 298 2069 et
311 2009 410 2069 elisam
419 2019 499 2071 retro
512 2029 581 2072 neae
591 2012 729 2089 exprimat
740 2013 811 2089 ipsa.

159 2093 208 2152 iiet
219 2093 273 2168 ita,
288 2101 353 2152 ante
364 2092 465 2152 neniae
476 2093 562 2153 luerit
574 2096 622 2172 qni
633 2092 751 2169 dexter,
762 2102 793 2151 nt
804 2091 879 2151 idem
947 2140 949 2145 ,

160 2193 236 2236 nune
248 2177 285 2235 sit
296 2173 412 2252 laevus,
425 2185 454 2236 et
470 2195 487 2235 e
498 2175 582 2237 laevo
594 2177 632 2237 ait
643 2186 737 2236 mntua
748 2175 857 2235 dexter.

94 2265 147 2320 300
161 2260 192 2320 iit
204 2275 318 2337 qnoque
330 2256 367 2318 de
379 2258 502 2338 apeenlo
513 2261 542 2318 in
551 2258 700 2339 speenlnrn
712 2267 741 2318 ut
753 2257 876 2319 tradatur
890 2260 998 2337 imago,

158 2344 283 2422 quinque
296 2343 380 2403 etiam
391 2350 446 2404 αιιι
455 2361 509 2405 aex
523 2352 553 2403 nt
565 2343 626 2404 lieri
637 2340 788 2403 simulacra
798 2345 916 2416 ruerint.

157 2445 220 2487 nam
231 2443 426 2506 quaecumque
437 2437 516 2488 retro
530 2435 610 2505 parte
623 2427 758 2488 interiere
768 2424 913 2505 latebunt,

156 2511 343 2586 indemnem,
356 2512 483 2588 quamvis
494 2519 570 2572 torte
581 2512 751 2591 penitusque
764 2519 889 2589 remota,

158 2593 249 2654 omnia
260 2611 314 2672 per
324 2593 416 2652 flexos
427 2591 518 2654 aditus
527 2593 630 2655 eduma
640 2594 741 2655 licebit

89 2684 142 2741 305
157 2674 286 2756 pluribus
298 2675 371 2734 haee
384 2675 512 2753 epeenlir
524 2677 671 2737 videantur
683 2679 711 2735 in
722 2677 840 2737 aedibus
852 2696 929 2738 esse.

157 2757 333 2837 usqueadeo
345 2756 466 2835 speculo
476 2758 506 2817 in
516 2757 666 2836 apeeulunr
677 2758 834 2819 translucet
845 2761 955 2836 imago,

158 2852 187 2904 et
202 2858 266 2901 enm
277 2839 359 2900 laeva
370 2838 433 2899 data
444 2849 506 2917 eet,
518 2840 548 2901 lit
559 2858 656 2907 rurum
665 2850 696 2901 ιιι
711 2841 829 2901 dextera
839 2842 902 2920 stat,

157 2925 223 2987 inde
234 2933 312 2986 retro
323 2941 434 2984 rursum
444 2921 518 2984 redit
530 2933 560 2986 et
571 2926 746 2985 convertitur
759 2923 871 2985 eedem.

157 3010 224 3089 quin
235 3010 319 3069 etiam
329 3025 526 3088 quaecumque
536 3007 676 3069 latneenla
687 3018 752 3070 eunt
763 3007 947 3088 speculorum

89 3101 143 3155 310
156 3091 276 3154 adsimili
286 3091 383 3153 laterir
394 3090 501 3153 flexura
517 3091 645 3172 praedita
654 3094 745 3153 nostri
753 3137 762 3170 ,

157 3177 275 3256 dextera
286 3185 441 3256 eapropter
450 3176 533 3238 nabis
544 3175 694 3239 rimulaera
704 3176 864 3253 remittunt,
883 3198 887 3203 ·

156 3269 203 3321 ant
214 3262 279 3340 qnia
290 3259 326 3321 de
338 3259 460 3338 speculo
471 3260 501 3320 in
514 3259 664 3339 epeenlum
674 3259 842 3321 translertnr
855 3261 965 3340 imago,

156 3345 222 3405 inde
233 3345 268 3405 ad
279 3361 332 3405 noe
343 3341 415 3405 elien
425 3344 470 3406 bie
481 3343 611 3422 advelat,
623 3354 670 3404 ant
681 3344 766 3407 etiam
776 3343 853 3425 qued

158 3428 382 3506 circumagitur,
395 3445 460 3490 enm
471 3430 567 3509 venit,
578 3428 670 3508 imago
682 3435 837 3509 propterea
847 3427 924 3543 qnpd
