2340 3854
634 165 647 224 l

226 349 283 411 quo
295 333 385 408 magis
398 340 544 390 aeternum
556 331 590 390 da
604 331 705 408 dictis,
719 331 798 408 diva,
811 330 952 410 leporem.

226 416 311 476 effice
323 423 353 474 ut
363 416 472 474 interea
483 413 544 474 lora
553 431 687 473 moenera
699 415 803 474 militiai

176 508 212 562 30
227 517 280 578 per
290 499 375 556 maria
386 514 420 557 ac
432 506 521 558 terras
534 499 624 557 omnis
635 501 728 576 sopita
739 500 901 575 quiescant:

225 599 287 641 nam
299 589 328 639 tu
339 579 401 640 sola
413 589 497 658 potes
509 578 657 658 tranquilla
669 597 741 660 pace
753 584 848 642 iuvare

225 663 365 741 mortalis,
383 666 513 742 quoniam
524 664 593 723 helli
604 664 665 724 iera
676 682 811 725 moenera
821 664 934 724 hlavors

225 749 397 826 armipotens
409 750 499 824 regit,
512 749 541 808 in
552 751 689 825 gremium
701 751 747 828 qui
761 767 849 827 saepe
861 758 938 808 tuum
949 766 983 808 se

225 833 307 892 reicit
318 839 436 890 aeterno
449 831 578 891 devictus
590 829 708 891 vulnere
721 831 840 906 amoris,

174 926 208 979 35
226 925 310 994 atque
323 917 360 973 ita
371 915 550 992 suspiciens,
563 917 648 974 tereti
660 918 775 976 cervice
786 925 919 994 reposta,

225 999 317 1078 pascit
328 1015 424 1057 amore
435 997 550 1074 avidos,
563 997 670 1057 inhians
684 1000 769 1074 inte,
783 999 851 1076 dea,
864 1001 960 1073 visus,

226 1101 301 1161 eque
313 1092 361 1141 tuo
372 1080 479 1158 pendet
489 1083 615 1159 resupini
626 1083 741 1160 spiritus
753 1099 812 1141 ore,

225 1167 357 1241 huncio,
370 1164 448 1241 diva,
465 1173 514 1223 tuo
525 1165 709 1225 recubantem
720 1182 842 1244 corpore
855 1174 954 1224 sancto
1050 1163 1051 1166 ’

228 1253 334 1310 circum
345 1249 408 1309 iusa
419 1265 523 1326 super,
536 1250 630 1309 suavis
643 1267 679 1308 ex
690 1266 740 1309 ore
753 1248 894 1327 loquellas

176 1345 211 1397 40
228 1333 314 1392 lunde
325 1342 427 1411 petens
439 1331 578 1410 placidam
592 1331 743 1409 Romanis,
759 1332 879 1408 incluta,
892 1349 1008 1410 pacem:

225 1435 288 1476 nam
301 1434 395 1494 nequo
406 1433 459 1476 nos
472 1434 558 1493 agere
571 1417 628 1476 hoc
640 1419 739 1496 patriai
750 1427 880 1495 tempore
893 1418 989 1494 iniquo

226 1517 378 1579 possumus
389 1516 482 1578 aequo
494 1502 585 1558 animo
597 1518 652 1558 neo
663 1499 775 1560 Memmi
789 1500 864 1560 clara
874 1516 1005 1581 propago

227 1583 329 1644 talihus
341 1584 369 1640 in
379 1582 466 1641 rehus
484 1585 623 1642 communi
635 1582 721 1643 desse
732 1582 823 1642 saluti.

229 1668 329 1746 {omnis
341 1667 414 1725 enim
427 1683 522 1744 perse
534 1666 627 1725 divum
639 1675 736 1726 nutura
747 1674 898 1726 necessest

178 1761 211 1813 45
226 1748 373 1810 immortali
384 1767 457 1808 aevo
468 1767 574 1809 summa
586 1768 648 1809 cum
660 1768 733 1828 pace
745 1749 852 1808 fruatur

228 1844 337 1895 semota
348 1833 383 1892 ab
394 1835 499 1893 nostris
511 1834 598 1894 rebus
610 1835 797 1912 seiunctaque
808 1832 896 1909 louge

228 1936 289 1977 nam
300 1919 408 1996 privata
418 1916 518 1977 dolore
531 1919 604 1977 omni
615 1919 722 1996 priuata
734 1915 851 1995 periclis

228 2005 290 2081 ipsa
302 2003 361 2062 suis
373 1999 487 2080 pollens
499 2001 602 2080 opihus
615 2001 681 2060 nihil
694 2001 788 2079 indiga
799 2002 889 2059 nostri

228 2105 283 2146 nec
295 2086 369 2145 hene
383 2087 545 2164 promeritis
558 2087 668 2165 capitur
679 2105 734 2148 nec
745 2086 867 2162 tangitur
878 2084 929 2150 iral

635 2238 651 2271 sp

180 2430 216 2481 50
230 2418 307 2496 quod
319 2425 480 2494 superest,
493 2433 597 2474 vacuas
609 2415 683 2472 auris
694 2416 870 2491 animumque
882 2431 1015 2490 sagacem

230 2509 368 2561 semotum
379 2517 395 2557 a
408 2501 483 2558 euris
496 2497 598 2557 adhibe
609 2513 705 2575 veram
716 2497 913 2570 eductionem:

230 2603 266 2644 ne
278 2601 340 2643 mea
352 2581 424 2641 dona
435 2581 485 2640 tihi
497 2581 590 2640 studio
602 2580 729 2659 disposta
740 2579 832 2656 fideli,
934 2596 936 2602 ·

230 2666 376 2726 intellecta
386 2666 464 2742 prius
476 2682 558 2742 quam
571 2666 642 2740 sint,
661 2673 822 2742 contempta
833 2664 986 2743 relinquas.

230 2768 292 2810 nam
303 2750 353 2809 tihi
364 2748 400 2808 de
411 2766 517 2808 summa
530 2747 602 2808 caeli
613 2749 721 2808 ratione
733 2749 875 2828 deumque

181 2846 214 2896 55
231 2833 374 2894 disserere
386 2834 531 2911 incipiam,
549 2841 578 2892 et
589 2850 682 2892 rerum
694 2832 845 2911 primordia
856 2832 990 2910 pandam,
1034 2876 1037 2881 »

230 2917 303 2976 unde
316 2918 405 2977 omnis
417 2927 515 2976 natura
527 2926 607 2976 creet
619 2935 682 2990 res,
695 2926 807 2993 auctet,
818 2916 948 2994 alatque,

229 3018 324 3081 quoue
336 3000 435 3060 eadem
446 3018 555 3060 rursum
568 3010 664 3059 natura
677 3011 824 3078 perempta
836 2998 976 3067 resolvat:
1027 3025 1030 3027 Α

230 3103 303 3164 quae
313 3102 367 3146 nos
378 3087 522 3145 materiem
534 3094 563 3144 et
575 3082 707 3163 genitalia
719 3100 840 3162 corpora
850 3083 937 3142 rehus

229 3168 372 3229 reddunda
383 3171 530 3229 iuratione
542 3185 647 3229 vocare
659 3177 689 3228 et
699 3168 804 3227 semina
816 3183 908 3225 rerum

179 3265 213 3318 60
227 3253 373 3332 appellare
385 3261 500 3313 suemus
513 3261 542 3312 et
553 3251 625 3311 haec
636 3251 735 3311 eadem
747 3266 882 3328 usurpare

232 3354 352 3414 corpora
364 3338 469 3414 prima,
483 3334 559 3415 quod
571 3355 607 3395 ex
618 3334 675 3394 illis
686 3344 751 3394 sunt
762 3335 853 3392 omnia
864 3333 969 3411 primis.
1024 3376 1026 3380 Α

272 3419 395 3479 llumana
407 3428 471 3479 ante
483 3417 584 3478 oculos
597 3417 682 3477 foede
695 3435 757 3477 cum
768 3419 824 3476 vita
835 3419 943 3476 iaceret
