2340 3854
138 158 201 224 tto
613 157 652 216 Vl

158 331 209 386 435
221 324 353 384 coniectu
365 321 492 382 trudatur
502 330 532 381 et
542 321 710 382 extendatur
720 323 748 381 iu
760 321 864 392 undam

220 425 302 486 quem
314 425 377 466 curu
389 405 515 480 discidit,
527 405 593 464 binc
603 407 796 484 prorumpitur
805 407 833 465 iu
844 423 920 466 orare
931 412 1009 471 renti

220 493 305 550 viset
318 489 461 549 iervorem
472 489 570 547 mirum
584 491 733 549 concinnat
744 490 773 548 iu
783 488 879 550 nudis:

220 572 414 633 versabundus
427 573 501 632 enim
512 572 596 631 turbo
607 570 756 632 descendit
767 581 798 632 et
808 571 884 632 iliam

220 656 335 717 deducit
347 658 453 736 pariter
466 653 544 715 lento
557 673 621 715 eum
633 672 756 734 corpore
768 656 886 725 nubem;

156 748 208 802 440
220 757 302 818 quam
314 738 396 800 simul
408 757 442 799 ac
453 738 596 816 gravidam
608 738 728 799 detrusit
738 738 773 799 ad
784 756 908 818 aequora
919 743 1017 821 ponti,

219 822 270 882 iile
281 824 309 881 in
321 841 420 900 uquam
431 823 525 883 subito
536 832 625 882 totum
638 841 670 882 se
681 823 792 882 inmittit
803 832 833 884 et
845 840 928 883 omne

221 908 324 966 excitat
335 906 442 982 ingenti
456 907 550 965 sonitu
561 923 638 965 mare
649 905 763 965 fervere
776 921 894 984 cogens.

220 989 251 1049 iit
262 1006 376 1068 quoque
389 997 419 1046 ut
429 988 553 1048 involvet
564 990 641 1048 venti
655 1007 689 1049 se
699 989 821 1050 nubibus
833 991 897 1067 ipse

219 1082 338 1149 vertex,
354 1071 510 1132 conradens
522 1090 560 1132 ex
570 1077 638 1131 atre
650 1073 756 1133 semiue
767 1073 865 1149 nubis,

155 1164 206 1218 445
220 1165 249 1215 et
260 1157 341 1234 quasi
353 1154 506 1215 demissum
519 1154 601 1216 caelo
613 1165 740 1233 prestera
752 1157 889 1217 imitetur:

220 1238 267 1299 hic
279 1240 326 1299 ubi
339 1257 372 1299 se
383 1241 410 1298 in
422 1247 512 1299 terras
524 1238 636 1299 demisit
649 1238 853 1318 dissoluitque,

219 1323 338 1382 turbinis
352 1323 490 1382 inmanem
502 1324 558 1381 vim
568 1324 709 1400 provomit
720 1331 805 1401 atque
815 1323 972 1401 procellae.

219 1405 272 1466 sed
283 1407 347 1485 quia
362 1406 392 1465 flt
403 1423 467 1466 raro
479 1407 591 1465 omuino
601 1407 762 1484 montisque
773 1417 926 1469 necessest

219 1489 338 1550 officere
350 1490 378 1548 in
390 1491 490 1565 terris,
503 1499 621 1568 apparet
633 1490 761 1550 crebrius
773 1490 848 1550 idem

155 1579 207 1634 450
216 1581 373 1652 prospectu
383 1575 466 1633 maris
480 1574 507 1631 iu
519 1589 621 1650 magno
636 1571 776 1652 caeloque
788 1576 903 1653 patenti.

259 1655 361 1716 Nubila
374 1665 580 1733 concrescunt,
597 1657 644 1716 ubi
656 1672 777 1735 corpora
787 1655 874 1717 multa
884 1657 1007 1719 volando

220 1738 276 1799 buc
287 1756 393 1817 supero
404 1741 431 1798 in
445 1738 517 1801 coeli
529 1741 621 1818 spatio
634 1745 732 1800 coiere
743 1749 863 1819 repente

219 1823 381 1901 asperiora,
394 1824 480 1882 moris
492 1841 565 1901 quae
577 1825 688 1901 possint
699 1823 861 1903 indupedita

218 1907 330 1983 exiguis
341 1915 434 1966 tamen
445 1907 519 1966 inter
530 1925 563 1966 se
577 1924 746 1986 comprenso
756 1909 857 1967 teneri.

154 1996 205 2050 455
219 1989 291 2050 haec
303 1989 409 2049 iaciunt
420 1991 539 2069 primum
550 2007 650 2068 parvas
666 1993 827 2051 consistere
839 1993 945 2052 nubes:

217 2073 283 2132 inde
294 2072 366 2134 baec
379 2073 582 2153 comprendunt
594 2077 667 2134 inter
681 2093 714 2134 se
727 2092 839 2153 conque
850 2085 1006 2153 gregantur

218 2165 248 2216 et
260 2155 457 2233 coniungendo
470 2167 602 2219 crescunt
614 2159 764 2236 ventisque
776 2158 904 2219 feruntur

218 2257 309 2318 usque
321 2240 393 2299 adeo
406 2239 500 2300 donec
510 2250 667 2320 tempestus
679 2258 764 2301 saeva
775 2250 909 2303 coortast.

218 2324 248 2382 iit
261 2341 376 2401 quoque
388 2325 427 2382 uti
439 2326 541 2385 montis
553 2326 644 2384 vicina
656 2326 799 2384 cacumina
812 2324 893 2386 caelo

153 2413 206 2468 460
218 2423 300 2484 quam
311 2409 366 2465 siut
379 2423 492 2484 quoque
503 2409 608 2484 magis,
622 2417 699 2468 tanto
710 2411 800 2485 magis
812 2409 886 2469 edite
896 2409 1004 2471 sument

217 2488 333 2549 adsidue
344 2489 443 2548 furvae
454 2490 537 2551 nubis
549 2489 670 2568 caligine
684 2509 779 2552 crassa

216 2582 371 2652 propterea
382 2575 463 2652 quia,
475 2592 539 2634 cum
551 2577 708 2636 consistunt
720 2573 815 2636 nubila
825 2578 961 2656 primum,

217 2665 281 2717 ante
295 2657 394 2717 videre
406 2657 481 2717 ocuii
495 2676 576 2736 quem
588 2661 714 2738 possint,
726 2660 836 2737 tenvia,
852 2661 929 2720 venti

216 2749 361 2819 portantes
376 2751 481 2819 cogunt
493 2743 527 2802 ad
539 2761 645 2802 summa
657 2744 801 2804 cacumine
813 2744 929 2804 montis:

154 2831 206 2886 465
220 2824 267 2883 hic
279 2824 391 2884 demum
403 2826 433 2885 iit
444 2828 483 2885 uti
495 2827 575 2886 turba
587 2829 692 2888 maiore
708 2837 807 2888 coorta

219 2917 248 2967 et
260 2907 404 2969 condensa
414 2919 518 2988 queant
531 2927 668 2988 apparere
681 2919 710 2970 et
720 2909 802 2971 simul
814 2912 879 2990 ipso

217 2993 326 3052 vertice
339 2991 488 3053 demoniis
503 2993 650 3052 videantur
661 3013 781 3071 surgere
792 2997 820 3054 in
831 2994 956 3055 aethram

216 3092 279 3133 uam
292 3073 356 3134 loca
368 3075 494 3136 declarat
505 3094 616 3138 sursum
628 3087 747 3139 ventosa
760 3089 859 3156 patere

216 3177 264 3218 res
277 3160 338 3235 ipsa
349 3169 379 3219 et
393 3179 512 3239 sensus,
525 3162 627 3222 montis
644 3180 707 3223 cum
722 3162 900 3224 ascendimus
912 3161 997 3224 altos.

154 3247 205 3302 470
216 3250 366 3320 praeterea
377 3244 517 3322 permulta
528 3246 596 3304 mari
610 3263 723 3324 quoque
735 3245 838 3306 toliere
850 3256 911 3307 toto

218 3343 338 3404 corpora
348 3336 473 3387 naturam
486 3327 628 3389 declarant
639 3329 721 3390 litore
733 3340 831 3392 vestes

217 3427 395 3488 suspensae,
408 3428 472 3471 cum
485 3414 645 3493 concipiunt
655 3415 760 3475 umoris
771 3415 932 3476 adhaesum.
