2340 3854
551 226 592 286 Vl

92 409 145 464 245
157 398 324 478 expedint,
335 414 431 476 neque
443 404 472 456 te
482 397 511 454 in
521 399 670 474 promissis
682 395 764 477 plura
777 398 918 458 morabor.

198 481 325 542 Fulmina
334 482 448 557 gignier
461 499 478 539 e
491 483 597 539 crassis
608 480 725 559 alteque
735 480 916 560 putandumst

156 565 279 626 nubibus
293 565 448 623 extructis:
458 581 522 621 nanu
532 564 616 623 eaelo
627 564 704 624 nulla
716 583 822 625 sereno

157 668 212 709 neo
223 647 327 708 leviter
336 646 433 706 densis
443 648 589 705 mittuntur
599 648 721 708 nubibus
732 667 870 726 umquam.

157 731 315 792 uamdsbio
326 729 428 807 proeul
438 728 496 789 boe
507 730 568 789 lieri
579 731 726 791 manifesta
737 731 824 792 docet
834 751 899 799 res;

93 826 147 880 250
157 815 232 894 quod
243 825 301 875 turn
311 832 366 891 per
376 821 466 873 totum
478 823 669 875 concrescunt
678 821 746 875 aera
756 816 865 892 nubes,

159 898 281 978 undique
292 900 332 956 uti
343 896 476 956 tenebras
489 899 579 958 omnis
591 898 756 958 Aoberunta
766 916 878 959 reamur

158 982 277 1062 liquisse
290 990 319 1040 et
331 998 446 1057 magnas
459 980 531 1040 caeli
547 983 712 1060 complesse
726 1000 871 1043 caremus.

158 1083 250 1143 usque
261 1064 334 1123 adeo
345 1073 419 1124 tetra
429 1063 587 1124 nimborum
598 1075 685 1126 noete
697 1075 795 1126 ooorta

158 1147 313 1227 inpendent
324 1157 400 1206 atrae
416 1147 572 1208 formidinis
584 1166 633 1209 ora
644 1167 784 1227 supreme,

94 1243 147 1298 255
162 1251 226 1293 oum
238 1230 393 1291 commoliri
404 1240 560 1309 tempestas
572 1231 687 1291 fulmina
701 1242 825 1310 coeptat.

159 1323 308 1395 praeterea
323 1331 465 1394 persaepe
476 1316 560 1391 niger
569 1333 683 1394 quoque
695 1334 749 1394 per
758 1332 834 1374 mare
846 1315 973 1391 umbus,

160 1408 191 1458 ut
203 1400 276 1478 piois
288 1416 304 1457 e
317 1396 399 1457 caelo
412 1397 566 1458 demissum
578 1399 697 1475 flumen,
712 1402 740 1458 in
751 1398 839 1458 undas

160 1485 203 1544 sio
215 1482 289 1541 oadit
300 1480 417 1541 effertus
429 1482 556 1543 tenebris
567 1481 668 1560 procul
681 1492 710 1541 et
721 1482 804 1542 trahit
814 1491 900 1541 atram

160 1563 321 1625 fulminibus
333 1563 476 1641 grandnm
487 1573 685 1645 tempestatem
701 1576 786 1644 atque
799 1564 953 1644 procellis,

96 1659 149 1714 260
162 1649 275 1727 ignibus
285 1665 319 1707 ao
330 1650 423 1707 ventis
437 1652 608 1727 cumprimis
620 1652 683 1728 ipse
695 1649 842 1730 repletus,

160 1735 188 1792 in
199 1742 275 1792 terra
286 1749 400 1810 quoque
412 1740 442 1789 ut
457 1731 668 1793 horrescentem
681 1742 758 1793 tecta
772 1733 923 1812 requirant.

160 1818 203 1877 sio
216 1817 301 1892 igitur
311 1833 414 1893 supera
425 1825 551 1875 nostrum
566 1827 651 1895 caput
661 1836 728 1877 esse
739 1816 919 1895 putandumst

160 1908 358 1976 tempestatem
371 1897 462 1957 altam.
479 1917 573 1976 neque
586 1903 660 1960 enim
672 1901 793 1977 ealigine
806 1910 879 1960 tanta

161 1983 313 2042 obruerent
325 1989 431 2057 terras,
445 1984 498 2041 uisi
508 1984 683 2042 inaedificata
699 2001 823 2061 superne
895 1996 902 2003 '

96 2075 147 2130 265
159 2064 244 2124 multa
253 2063 347 2124 forent
357 2063 451 2124 multis
462 2074 597 2142 exempto
608 2065 703 2125 nubila
713 2063 792 2125 sole:

159 2167 214 2208 neo
226 2157 303 2207 tanto
316 2158 434 2225 possent
446 2150 594 2208 venientes
607 2150 770 2226 opprimere
781 2147 879 2223 imbri,

160 2232 271 2291 domina
281 2229 422 2290 abundare
434 2240 463 2289 ut
476 2231 605 2291 facerent
616 2247 789 2310 camposque
804 2239 918 2306 nature,

160 2317 184 2375 si
195 2331 251 2373 non
262 2315 399 2373 extructis
411 2313 486 2373 foret
498 2313 554 2374 alte
566 2315 686 2375 nubibus
699 2314 806 2375 aether.

158 2399 205 2457 irio
217 2398 302 2473 igitur
313 2399 406 2456 reutis
418 2407 503 2475 atque
516 2399 628 2475 ignibus
641 2399 730 2458 omnia
743 2397 826 2477 pleua

92 2489 145 2544 270
159 2489 239 2542 sunt:
251 2480 316 2540 ideo
327 2482 432 2558 possim
443 2480 570 2542 fremitus
583 2493 611 2543 et
623 2482 735 2561 fulgura
745 2482 821 2542 dunt.

160 2566 266 2644 quippe
279 2566 383 2623 etenim
394 2581 479 2641 supra
492 2564 575 2625 dooui
590 2564 728 2643 permulto
739 2567 853 2644 vaporis

159 2649 269 2708 semina
282 2645 389 2705 babere
406 2664 489 2706 caras
507 2649 615 2723 nubes,
628 2658 658 2707 et
668 2648 753 2708 multa
769 2655 921 2708 necessest

160 2731 314 2808 eonoipere
326 2747 364 2788 ex
375 2729 445 2789 solis
456 2729 541 2789 radiis
552 2729 710 2808 ardoreque
721 2745 827 2789 eorum.
989 2729 994 2741 '

159 2813 216 2873 boo
227 2813 275 2871 ubi
287 2821 388 2871 ventus
400 2829 449 2872 eas
461 2812 535 2872 idem
548 2815 595 2890 qui
608 2815 685 2891 eoqit
697 2815 723 2871 irr
736 2830 818 2872 unum

95 2903 147 2959 275
159 2896 234 2956 forte
247 2893 342 2954 locum
355 2897 498 2972 quemvis,
512 2913 591 2975 ospm
651 2894 752 2955 :mults
764 2895 877 2973 vaporis

159 2981 267 3040 semina
277 2995 369 3055 seque
381 2977 461 3037 simul
476 2997 499 3037 ot
552 2996 589 3037 eo
600 3000 623 3038 o«
723 2979 777 3038 suit
789 2978 862 3054 iqui,

159 3061 531 3121 insinnatuslbivortexve
679 3080 689 3119 u

161 3152 191 3205 et
204 3143 303 3204 calidis
314 3144 389 3202 uouit
403 3140 508 3203 fulmen
523 3144 554 3203 fo
607 3159 647 3205 oso
757 3162 787 3205 s:

160 3243 223 3286 uam
234 3225 340 3304 duplici
352 3227 461 3287 ratione
476 3242 515 3287 so
628 3244 657 3286 r.
747 3252 751 3290 t

95 3307 479 3376 womobssitateealeselt.‹
527 3328 571 3370 tm

159 3391 307 3469 iudenmq
347 3409 355 3444 t
455 3410 471 3450 n
538 3409 543 3430 ⁴
599 3409 619 3455 n

160 3475 367 3554 impetosioee
424 3495 447 3551 ,ι
