2340 3922
555 200 584 264 11

316 367 636 464 attuatii
672 372 816 467 ddbl
869 382 870 385 ‘

140 517 234 633 ou
294 519 589 634 onnon
645 511 1017 678 ituruou¹

353 684 497 768 iiiiii
524 685 777 798 SECUNDUS.

469 848 649 858 ——-.

148 902 246 1013 snare
258 996 267 1029 ,
278 951 347 1010 mari
356 968 460 1029 magno
471 951 647 1013 turbantibus
659 969 783 1030 aequora
794 953 904 1031 ventis,

149 1045 253 1097 eterra
263 1053 393 1112 magnum
406 1033 522 1097 alterins
534 1045 667 1116 speetare
680 1034 821 1104 laborem;

148 1137 205 1181 non
217 1120 282 1198 quia
292 1119 390 1179 vexari
402 1129 597 1199 quemquamst
609 1120 729 1181 iuounda
740 1119 890 1199 voluptas,

149 1202 201 1264 sed
216 1202 318 1283 quibus
329 1203 393 1281 ipse
405 1203 486 1264 malis
498 1222 596 1265 careas
608 1206 673 1283 quia
685 1221 805 1264 eernere
818 1223 906 1265 suave
918 1213 981 1266 est:

114 1299 131 1351 5
147 1305 235 1349 suave
249 1288 332 1347 etiam
345 1285 414 1347 belli
427 1289 578 1348 oertamina
588 1305 688 1364 magna
699 1289 771 1346 tueri

147 1390 202 1452 per
213 1387 328 1449 eampos
340 1371 492 1447 iustruota,
505 1382 552 1430 tua
562 1373 625 1430 sine
636 1379 718 1449 parte
729 1369 831 1448 perieli

148 1454 201 1517 sed
212 1453 251 1514 nil
262 1452 372 1514 duloius
384 1463 445 1530 est,
458 1454 533 1514 beue
546 1472 627 1532 quam
638 1456 742 1513 munita
752 1463 852 1515 tenere

148 1537 224 1600 edita
237 1536 363 1599 doctrina
374 1538 532 1617 sapientum
543 1537 648 1618 templa
661 1556 780 1617 serena,

149 1622 301 1702 despicere
312 1622 386 1682 unde
399 1640 487 1701 queas
499 1622 570 1683 alios
583 1625 745 1702 passimque
757 1622 857 1684 videre

91 1719 129 1773 10
147 1724 243 1770 errare
254 1715 339 1785 atque
351 1707 424 1766 riam
435 1705 554 1787 palantis
567 1725 705 1786 quaerere
717 1709 809 1787 vitae,

150 1792 404 1868 eertareiugeuio,
419 1790 767 1869 contenderenobilitate,
862 1818 864 1820 ·

147 1883 250 1936 noctes
261 1883 346 1953 atque
358 1872 419 1934 dies
429 1876 480 1934 niti
491 1883 654 1953 praestante
665 1873 764 1935 labore

148 1959 183 2020 ad
194 1976 315 2020 summas
327 1975 477 2035 emergere
488 1976 560 2037 opes
573 1976 724 2036 rerumque
735 1960 828 2038 potiri.

148 2044 294 2104 omiseras
306 2042 448 2101 bominum
458 2051 585 2118 mentes,
599 2058 616 2099 o
628 2050 746 2119 pectora
759 2042 858 2102 eaeoa!

94 2139 128 2191 15
146 2127 276 2210 qualibus
287 2127 315 2183 iu
326 2123 453 2186 tenebris
465 2125 540 2183 vitae
553 2126 721 2201 quantisque
734 2123 850 2201 periolis

147 2212 261 2288 degitur
271 2208 328 2268 boo
339 2208 403 2269 aevi
414 2204 654 2287 quodeumquest!
667 2224 763 2267 noune
775 2206 873 2268 videre

146 2295 186 2356 nil
198 2291 273 2355 aliud
284 2291 339 2352 sibi
350 2301 475 2351 naturam
486 2288 589 2350 latrare
600 2336 609 2368 ,
622 2292 675 2351 nisi
686 2299 733 2368 ut,
748 2293 792 2351 eui

149 2396 272 2458 corpore
284 2376 430 2437 seiunctus
442 2373 524 2435 dolor
533 2375 624 2453 absit,
637 2375 732 2436 meuti’
744 2376 852 2436 fruatur

147 2461 269 2524 ineundo
281 2479 385 2539 seusu,
399 2478 466 2520 eura
477 2459 597 2521 semotu’
607 2456 762 2539 metuque?

92 2558 129 2610 20
146 2564 217 2623 erqo
230 2562 396 2623 corpoream
409 2543 445 2605 ad
455 2553 579 2604 naturam
591 2562 680 2622 pauea
691 2543 817 2604 videmus

148 2649 216 2691 esse
227 2647 299 2708 opus
311 2630 439 2704 omniuo,
454 2645 525 2706 quae
538 2626 648 2688 demant
661 2646 781 2706 eumque
793 2627 937 2706 dolorem,

149 2713 267 2773 delioias
279 2730 393 2791 quoque
405 2713 444 2770 uti
456 2710 556 2771 multas
568 2712 753 2773 substernere
765 2714 885 2789 possint.

148 2797 254 2876 gratius
270 2796 409 2854 interdum
419 2812 514 2871 noque
526 2805 621 2854 natura
630 2797 692 2873 ipsa
704 2797 839 2875 requirit,

149 2884 174 2942 si
185 2896 242 2939 non
253 2897 338 2940 aurea
349 2887 414 2939 sunt
425 2878 555 2937 iuvenum
567 2877 715 2939 simulacra
725 2898 778 2958 per
788 2878 875 2940 aedes

96 2977 131 3029 25
148 2963 289 3043 lampadas
301 2962 437 3040 igniieras
447 2960 573 3022 manibus
584 2964 732 3023 retinentia
744 2963 868 3040 dextris,

148 3049 250 3109 lumina
261 3049 407 3108 uootumis
419 3043 512 3126 epulis
524 3054 554 3104 ut
564 3045 798 3126 suppeditentur,

148 3151 203 3192 neo
214 3131 312 3192 domus
323 3139 442 3210 argento
453 3128 573 3206 fulgenti
585 3147 711 3207 auroque
722 3128 849 3206 renidet,

146 3234 202 3276 nee
215 3215 337 3276 oitbarae
350 3215 468 3275 reboant
479 3212 608 3290 laqueata
620 3220 792 3289 arquataque
803 3221 897 3290 tenta,

148 3317 211 3360 oum
222 3307 315 3359 tamen
326 3299 400 3359 inter
410 3314 443 3358 se
455 3296 587 3375 prostrati
598 3296 625 3353 in
638 3296 763 3372 gramine
774 3294 852 3355 molli

96 3393 132 3446 30
145 3392 265 3464 propter
276 3400 366 3462 aquae
377 3384 466 3441 rivom
479 3378 532 3439 sub
543 3379 626 3438 ramis
638 3378 747 3438 arboris
760 3378 834 3438 uitae

146 3484 201 3526 nou
213 3469 322 3543 maguis
333 3464 436 3543 opibus
448 3459 570 3522 iuouude
582 3478 704 3541 corpora
716 3472 829 3539 ourant,
