2340 3854
561 209 588 270 11

154 379 317 458 montivago
327 377 429 457 generi
439 376 532 457 possit
542 375 683 457 praehere
698 377 829 442 ierarum.

157 464 244 541 quare
255 479 356 540 magna
367 462 450 522 deum
460 470 550 521 mater
559 471 706 541 materque
720 461 841 524 ferarum

156 555 186 605 et
195 545 285 606 nostri
299 546 432 623 genetrix
443 543 516 605 haee
529 543 603 605 dieta
616 554 663 606 est
679 546 809 623 eorporis
822 565 885 609 uua.

92 637 143 692 600
198 629 277 689 Hane
289 637 406 689 veteres
419 624 531 688 Graium
544 627 621 687 docti
633 629 767 689 cecinere
780 637 885 708 potitae

155 795 273 857 sedibus
288 796 316 854 in
329 812 413 855 ourru
425 794 539 870 biiugos
552 796 658 872 agitare
671 794 788 871 leones,

155 880 230 940 ueris
241 880 269 938 in
281 879 374 958 spatio
384 894 512 955 magnam
522 877 649 956 pendere
661 878 799 940 docentes

155 961 304 1039 tellurem,
319 978 413 1040 neque
424 978 512 1040 posse
524 963 552 1020 in
563 969 637 1023 term
648 963 752 1024 sistere
764 971 877 1025 terrain.

156 1045 309 1106 adiunxere
321 1043 396 1106 ieras
406 1090 415 1123 ‚
427 1046 492 1124 quia
504 1047 630 1124 quamne
645 1046 734 1106 effera
744 1045 842 1125 proles

92 1138 144 1194 606
158 1129 259 1190 oiiioiis
272 1129 358 1190 debet
369 1127 472 1189 molliri
483 1130 559 1191 vieta
569 1139 736 1208 parentum·

155 1213 311 1292 muralique
324 1222 408 1292 eaput
422 1231 558 1274 summum
570 1215 686 1273 cinxere
699 1231 820 1289 corona,

156 1299 266 1358 eximiis
279 1298 383 1357 munita
395 1296 469 1357 loeis
482 1298 547 1375 quia
561 1298 682 1358 sustinet
693 1297 793 1365 urbem

157 1398 214 1460 quo
228 1399 301 1440 nuno
316 1381 419 1458 insigni
429 1397 482 1457 per
491 1396 607 1455 magnas
621 1378 748 1458 praedite
758 1388 848 1440 terras
926 1447 928 1449 ,

156 1464 288 1524 horrifice
300 1463 390 1523 iertur
402 1462 511 1523 divinae
520 1463 616 1524 matris
627 1464 729 1540 imago.

94 1557 147 1612 610
157 1548 229 1609 hano
240 1548 333 1607 variae
345 1555 449 1624 gentes
461 1548 576 1626 antiquo
587 1564 665 1608 more
677 1563 822 1608 sacrorum
862 1573 864 1576 ⁴

157 1630 270 1692 idaeam
282 1632 408 1690 vocitant
418 1639 551 1708 matrem,
564 1629 759 1710 Phrygiasque
775 1639 904 1693 0000ον00

158 1715 222 1776 dant
234 1716 372 1792 comites,
385 1715 450 1794 quia
462 1716 580 1793 primum
592 1714 698 1775 exiliis
711 1715 813 1776 iinibus
827 1715 913 1778 edunt

157 1818 210 1878 per
219 1808 355 1860 terrarum
369 1799 468 1859 orbem
483 1798 582 1877 fruges
599 1801 734 1879 coepisse
748 1801 846 1860 ereari.

157 1882 250 1961 gallos
262 1883 430 1959 attribuunt,
444 1883 525 1962 quie,
539 1901 641 1944 numen
657 1884 704 1962 qui
716 1882 846 1944 violarint

93 1975 143 2030 616
160 1968 255 2027 matris
269 1975 297 2027 et
309 1967 410 2044 ingrati
423 1967 601 2043 genitoribus
611 1968 717 2027 inuenti
728 1967 800 2043 sint,

157 2051 318 2128 significare
330 2048 428 2109 volunt
438 2049 569 2126 indignos
582 2068 649 2111 esse
661 2048 819 2127 putandos,

157 2135 249 2192 vivam
260 2134 426 2211 progeniem
439 2133 486 2210 qui
497 2133 525 2190 in
536 2149 600 2192 ores
611 2131 723 2191 luminis
735 2132 827 2192 edant.

159 2227 288 2294 tympana
299 2224 377 2276 tenta
388 2223 485 2275 tonant
496 2214 595 2294 palmis
609 2223 640 2276 00
655 2214 783 2290 cymbala
795 2217 900 2276 eireum

159 2317 301 2376 concava,
312 2300 521 2379 raucisonoque
533 2300 670 2360 minantur
682 2316 787 2358 cornua
802 2309 902 2378 cantu,

95 2395 147 2450 600
158 2393 187 2445 00
200 2382 323 2462 Phrygio
334 2380 587 2445 stimulatnumero
599 2401 667 2444 oava
679 2383 747 2444 tibin
758 2385 878 2461 mentis,

159 2466 273 2547 telaque
289 2476 487 2547 praeportant,
504 2466 622 2527 violenti
633 2469 714 2545 signe
728 2466 850 2545 furoris,

159 2554 286 2630 ingratos
298 2553 406 2612 animos
417 2561 502 2630 atque
513 2552 598 2630 impie
609 2561 728 2630 pectora
738 2550 818 2629 volgi

161 2644 327 2696 conterrere
339 2644 417 2695 metu
429 2653 502 2714 quae
513 2637 624 2715 possint
634 2636 746 2695 numini'
759 2634 849 2696 dirae.

160 2734 231 2797 ergo
244 2720 436 2798 cumprimum
446 2736 561 2796 magnas
573 2720 685 2781 inrecta
698 2737 752 2799 per
762 2720 840 2780 urbis

96 2813 147 2868 606
161 2802 303 2863 munificet
314 2803 399 2863 tacita
409 2801 534 2863 mortalis
545 2812 620 2863 muta
632 2802 723 2864 salute
735 2847 744 2878 ‚

160 2905 227 2948 aare
239 2894 325 2965 atque
336 2894 455 2964 argento
471 2895 598 2947 sternunt
611 2889 666 2947 iter
677 2903 758 2947 omne
771 2885 895 2959 riarium,

160 2970 288 3048 largiflua
299 2971 375 3050 stipe
387 2969 524 3048 ditantes,
535 2971 711 3050 ninguntque
722 2985 850 3028 rosarum

161 3055 277 3115 floribus
293 3055 455 3115 umbrantes
468 3063 585 3116 matrem
597 3056 787 3129 comitumque
800 3059 937 3111 catervas.

160 3138 207 3200 hio
218 3147 321 3199 anneta
330 3155 445 3215 manus,
459 3136 579 3198 curetes
590 3139 702 3197 nomine
717 3132 781 3196 Grai

95 3231 147 3285 630
159 3240 232 3303 quos
243 3230 398 3283 memorant
410 3220 569 3300 Phrygios,
582 3223 657 3280 inter
670 3239 702 3280 se
715 3219 790 3279 iorte
802 3219 883 3295 quud
894 3217 992 3279 armis
1108 3297 1111 3300 ἦ

160 3305 258 3367 ludunt
270 3308 298 3366 in
309 3324 512 3386 numerumque
524 3302 651 3365 exultant
662 3301 889 3382 sanguinolenti,

161 3390 299 3451 terrifices
314 3391 438 3469 oepitum
448 3390 608 3468 quatientes
619 3390 740 3448 momine
758 3387 875 3463 oristas,

162 3473 299 3536 Dictaeos
311 3473 439 3534 reiemnt
453 3471 590 3550 curetas,
607 3473 655 3553 qui
667 3471 744 3533 loris
759 3469 837 3530 iilum
