2340 3922
315 551 351 644 r.
391 546 647 645 nuruum
682 547 826 642 unm

91 719 241 878 „nu
301 716 591 834 uuruu
649 693 988 832 urruns

390 903 532 986 blllllll
559 900 752 985 l'llllllld.

469 1078 659 1086 ...ψ-...ηψ-

155 1173 326 1283 llaueadum
337 1220 484 1297 genetrix,
503 1218 644 1277 lmminum
657 1217 808 1296 divumque
819 1218 969 1297 voluptas,

156 1303 227 1364 alma
238 1302 353 1379 Venus,
367 1301 440 1361 caeli
452 1300 683 1362 subterlabentia
694 1303 774 1378 signa

158 1404 230 1465 quae
241 1403 318 1445 mare
329 1387 508 1462 navigerum,
527 1402 599 1462 quae
611 1395 701 1446 terme
713 1385 908 1463 frugiferentis

159 1469 362 1545 concelebras,
376 1487 429 1546 per
441 1477 470 1528 te
482 1469 611 1547 queniam
623 1487 714 1546 genus
727 1486 810 1529 omne
821 1471 986 1530 animantum

128 1566 145 1616 5
160 1553 320 1632 concipitur
330 1554 453 1631 visitque
466 1562 594 1612 exertum
605 1552 708 1611 lumina
722 1552 801 1613 selis.

156 1645 204 1715 te,
218 1635 287 1715 dea,
299 1645 329 1696 te
341 1636 451 1714 fugiunt
463 1638 557 1713 venti,
569 1646 599 1696 te
613 1635 709 1696 nubila
721 1635 793 1696 caeli

157 1719 365 1798 adventumque
376 1729 471 1796 tuum,
490 1719 540 1778 tibi
553 1719 647 1779 suavis
659 1718 775 1779 daedala
787 1717 873 1780 tellus

158 1806 303 1864 summittit
315 1803 419 1881 flores,
438 1804 488 1863 tibi
498 1802 590 1862 rident
600 1820 725 1880 aequora
736 1804 815 1880 ponti

158 1887 356 1965 placatumque
368 1889 438 1946 nitet
450 1886 551 1946 diffuse
562 1885 667 1945 lumine
679 1885 797 1946 caelum.

110 1983 143 2034 10
158 1989 220 2029 nam
232 1969 360 2030 simulac
372 1971 488 2047 species
501 1968 670 2046 patefactast
681 1986 768 2026 verna
780 1967 836 2026 diei

160 2062 189 2112 et
199 2062 326 2112 reserata
336 2054 416 2128 viget
427 2049 588 2128 genitabilis
599 2069 664 2108 aura
676 2050 787 2126 favoni,

160 2137 253 2195 atriae
268 2136 387 2212 primum
397 2133 531 2193 volucres
544 2143 589 2211 te,
603 2133 682 2210 diva,
694 2143 829 2211 tuumque

160 2219 318 2296 significant
330 2219 427 2277 initum
438 2215 590 2296 perculsae
603 2217 690 2276 corda
701 2226 747 2277 tua
758 2218 795 2276 vi.

158 2303 224 2362 inde
236 2303 314 2362 ferae
326 2301 455 2381 pecudes
466 2299 623 2380 persultant
635 2300 737 2379 pabula
748 2300 823 2361 laeta

111 2400 144 2452 15
160 2397 189 2447 et
200 2387 314 2465 mpidcs
326 2395 435 2446 tranant
444 2387 547 2445 amnis:
565 2386 601 2445 ita
614 2394 696 2464 capta
707 2384 807 2464 lepore

159 2479 189 2531 te
199 2472 326 2549 sequitur
337 2469 439 2548 cupid'e
452 2486 509 2547 quo
521 2486 660 2547 quamque
671 2469 807 2529 inducere
818 2471 925 2548 pergis.

161 2553 282 2632 denique
295 2572 348 2632 per
357 2555 442 2612 maria
454 2571 487 2612 ac
501 2554 603 2612 montis
615 2552 775 2632 fluviosque
785 2557 896 2632 rapacis

160 2636 386 2716 frondiferasque
399 2637 497 2697 densos
510 2638 602 2695 avium
614 2654 788 2717 camposque
799 2639 916 2701 uirentis

161 2723 290 2782 omnibus
303 2722 442 2781 incutiens
455 2719 586 2779 blandum
598 2738 651 2797 per
662 2730 780 2798 pectora
792 2735 916 2780 amorem

110 2815 145 2869 20
161 2804 252 2866 efficis
264 2814 294 2864 ut
306 2803 409 2882 cupide
420 2805 576 2881 generatim
587 2801 683 2862 saecla
694 2811 861 2880 propagent.

96 2882 99 2890 ’
161 2906 233 2968 quae
246 2889 375 2967 quoniam
385 2903 479 2946 rerum
489 2895 613 2945 naturam
625 2885 686 2946 sela
698 2884 856 2962 gubemas‚

160 2991 216 3032 nec
227 2974 288 3033 sine
300 2981 329 3032 te
342 2972 491 3050 quicquam
502 2968 561 3030 dias
573 2971 602 3029 in
614 2969 724 3029 luminis
736 2985 801 3027 eras

162 3057 287 3116 excritur
296 3073 391 3133 neque
405 3055 434 3115 fut
444 3054 549 3113 laetum
559 3071 654 3131 neque
666 3049 784 3111 amabile
795 3052 962 3131 quicquam,

89 3201 91 3210 ,
160 3149 189 3198 te
202 3141 308 3199 sociam
320 3137 422 3199 studeo
433 3136 591 3198 scribendis
603 3136 735 3196 versibus
748 3153 832 3213 esse,

113 3234 147 3284 25
162 3240 234 3300 quos
246 3240 303 3300 ego
315 3221 350 3282 de
362 3239 454 3282 rerum
465 3229 562 3280 natura
572 3238 698 3297 pangere
711 3236 800 3280 conor

130 3355 133 3360 .
160 3304 343 3366 blemmiadae
354 3315 468 3381 nostro,
482 3321 565 3382 quem
577 3313 623 3380 tu,
635 3302 704 3380 dea,
722 3311 852 3382 tempore
863 3303 892 3361 in
904 3303 977 3362 omni

161 3390 290 3461 omnibus
302 3385 430 3449 ornatum
440 3387 554 3446 voluisti
566 3386 713 3448 excellere
723 3388 820 3447 rebus.
917 3390 920 3394 ’

118 3477 277 3532 Lucnrrms.
887 3469 904 3532 l

484 3560 492 3580 .
