2340 3922
463 215 676 276 saturano.
1055 237 1074 276 v

69 393 169 447 iterata
181 392 246 445 suut
260 403 298 445 ax¹
311 389 436 444 clausula
449 386 582 445 versiculi
595 391 678 447 lobi:
693 385 915 458 primoribusw
926 386 1073 443 clcccects‘s.

67 473 167 546 Neque
180 471 273 530 habeo
291 486 341 527 cur
356 473 444 529 talem
457 471 632 528 librariorum
647 469 891 542 negligentiamib
909 469 977 526 solis
993 471 1071 526 clau·

68 557 137 612 sulis
155 556 280 629 grassari
294 555 405 626 dicam,
426 571 491 611 cum
511 553 633 617 candem
653 553 794 626 'peccandi
809 554 994 611 sermionem
1005 553 1071 610 roli-

67 656 141 711 quae
165 655 277 711 quoque
299 639 501 696 versiculorum
520 637 652 710 regiones
672 639 837 709 praebeant.
884 637 983 708 Velut,
1005 653 1069 693 cum

67 724 129 780 libri
144 723 183 778 VI
197 738 299 780 versus
311 726 376 793 ⁶09,
390 728 443 781 510
456 722 678 804 sioscribanlurc

169 814 221 867 509
240 814 366 866 confertae
384 816 465 866 nubas
479 814 796 865 musarrmittcrccertaut
842 816 844 820 '
877 837 886 857 -ι

143 918 144 923 =
168 883 220 936 bid
237 884 375 950 dupliciter
383 898 442 934 nam
456 881 707 947 armantarmant
719 890 743 933 et
757 884 817 948 ipsa
940 930 942 932 ,

72 967 162 1039 magis
178 964 291 1027 videtur
306 969 396 1026 simile
419 987 483 1026 essa
504 970 582 1043 vari,
602 968 754 1032 aberrasso
770 967 877 1024 oculos¹
886 965 1072 1037 librariorum,

64 1048 134 1106 dum
146 1052 271 1123 priorem
284 1058 463 1112 varsumbbll
478 1054 620 1115 scribunt.
635 1055 665 1107 in
685 1051 807 1109 eandem
826 1049 991 1124 posterioris
1005 1058 1072 1109 ver·

65 1149 115 1187 sus
131 1139 183 1193 510
197 1137 359 1208 regionem,
375 1153 459 1207 quam
473 1153 491 1192 a
505 1136 632 1192 Lucretio
647 1137 676 1191 in
688 1152 776 1193 versu
787 1137 851 1194 :soa
859 1133 894 1198 id
903 1136 1072 1192 vocabulum

65 1217 200 1289 scriptum
214 1236 295 1290 esse,
311 1220 387 1291 quod
399 1237 433 1275 ex
448 1220 574 1291 apicibus
589 1221 742 1276 litterarum
755 1235 863 1275 macore
878 1216 1030 1275 Greechius
1045 1224 1073 1273 et

63 1299 260 1358 Lachmannus
274 1309 420 1359 eruerunt·
432 1307 550 1359 umentia
552 1302 647 1398 ‚quod
661 1302 881 1383 quidemparum
892 1301 1071 1357 commenda-

63 1383 121 1438 bile
135 1390 178 1438 est
191 1401 208 1440 a
222 1387 306 1442 laude
321 1386 517 1457 simplicitatis,
534 1401 617 1456 quam
629 1386 657 1439 in
669 1384 796 1440 Lucretio
813 1378 995 1455 c'olr'spiouam
1007 1401 1071 1441 esse

63 1458 177 1521 totiens
190 1469 287 1524 morito
310 1469 487 1540 praedicavit
501 1468 763 1525 Lachmannusn·
785 1468 873 1522 Porro
890 1484 953 1525 cum
969 1485 1071 1526 versus

61 1551 125 1618 893,
140 1553 193 1608 894
208 1551 269 1606 libri
283 1551 322 1607 Ν
335 1552 373 1608 ita
384 1545 533 1624 legantur
525 1567 555 1608 m
571 1552 731 1609 codicibus.

165 1641 216 1694 89³
231 1645 353 1710 corporis
369 1644 412 1695 hic
424 1645 503 1712 igitur
512 1645 588 1696 rebus
600 1646 628 1695 fit
640 1648 766 1710 utrimque
780 1647 894 1698 duabus
938 1671 942 1681 ι

170 1710 223 1763 894
237 1715 352 1778 corporis
363 1722 426 1765 utcc
437 1715 511 1765 navis
521 1715 584 1765 velis
598 1721 724 1778 ventoque
735 1715 848 1769 foratur

60 1798 189 1866 proiecto
206 1799 297 1854 minus
315 1800 474 1856 audacter'
467 1796 491 1856 rs
513 1801 619 1873 egerit,
642 1802 689 1872 qui
705 1803 832 1874 corporis
853 1800 882 1854 in
903 1799 1068 1869 posterioris

61 1895 164 1936 versus
179 1881 286 1937 initium
307 1898 343 1939 cr
360 1883 436 1939 initio
455 1885 615 1956 superioris
627 1886 750 1943 delatum
764 1886 847 1955 atque
857 1883 906 1938 siu
928 1882 1069 1938 Lucretia-

59 1978 129 2018 nam
149 1965 318 2035 orationem,
342 1967 421 2023 cuius
442 1969 564 2040 vestigia
583 1969 612 2023 in
632 1969 779 2027 vocabulis
801 1972 832 2024 ut
851 1982 887 2032 ac
904 1966 1069 2037 supersint,

61 2047 182 2118 periisse
198 2050 413 2119 existimaverit,
437 2066 521 2120 quam
542 2052 589 2122 qui
602 2067 638 2108 cc
651 2051 731 2106 illud
737 2066 810 2106 cum
809 2050 923 2105 Murato
938 2055 965 2104 et
978 2047 1066 2104 Lach-

62 2145 167 2187 manno
178 2132 300 2191 funditus
313 2131 460 2187 deleverit.
472 2158 514 2175 -
530 2134 624 2217 Atque
638 2131 721 2188 haee
726 2132 845 2204 quidam
854 2131 939 2186 huius
954 2131 1067 2203 generis

60 2216 194 2286 exempla
209 2215 277 2270 satis
294 2220 385 2270 sunto.
748 2253 750 2260 -
823 2243 824 2246 ¹

125 2298 272 2370 Pergimus
281 2298 319 2355 ad
330 2301 447 2355 altorum
463 2301 683 2372 corruptelarum
696 2314 796 2370 genus,
808 2249 886 2370 quod
897 2260 1052 2355 uersatur
1039 2315 1069 2355 m

61 2382 186 2438 insiticia
200 2389 228 2438 et
240 2383 377 2440 vocabatis
393 2389 421 2439 et
434 2384 586 2440 varicatis.
616 2383 677 2438 Hoc
690 2397 805 2454 quoquc
819 2397 911 2455 genus
922 2382 1067 2454 aliquanto

62 2464 142 2520 latius
159 2460 257 2537 patere
280 2473 363 2539 puto,
386 2482 470 2538 quam
487 2467 517 2527 id
531 2467 666 2539 persequi
681 2465 997 2536 voluitiLacbmanuuc,
1021 2468 1068 2538 qui

61 2547 177 2618 quidem
194 2550 352 2621 aegerrime
375 2565 410 2606 eo
431 2549 534 2606 adduci
553 2552 679 2622 potuisse
698 2550 826 2621 videtur,-
841 2556 873 2605 -ut
884 2550 1067 2622 ¹singudorum

60 2633 263 2688 vocabulorum
282 2636 454 2706 glossemata
474 2634 645 2690 Lucretianis
670 2634 801 2691 versibus
820 2634 980 2691 intermixta
1002 2651 1067 2689 esse

60 2714 208 2787 crederet,
223 2731 392 2789 quamquam
409 2723 436 2773 et
449 2719 484 2772 ab
500 2719 620 2790 antiquis
637 2717 829 2790 grammaticis
841 2722 1004 2772 annotatum
1017 2732 1066 2772 er·

60 2796 250 2868 plicatumque
263 2814 328 2853 esse
342 2795 462 2864 Lucretii
477 2816 591 2856 carmen
600 2800 678 2856 inter
690 2798 793 2855 omnes
804 2794 913 2854 constat
926 2805 953 2855 et
966 2815 1066 2856 recen-

59 2880 161 2936 tiorum
175 2880 421 2953 interpretamenta
436 2878 589 2939 admodum
604 2883 672 2940 vilia
692 2874 857 2956 etiamnunc
863 2883 983 2940 cernere
1002 2884 1067 2940 licet

59 2963 147 3035 priori
168 2965 230 3021 libri
249 2963 332 3038 primi
354 2967 427 3039 parti
453 2966 575 3039 ascripta
603 2967 632 3022 in
661 2965 800 3045 oblongo&
813 2965 921 3044 codice.
971 2966 1066 3040 Atque

61 3047 124 3118 ipse
138 3048 349 3119 Lachmannus‚
373 3051 425 3106 etsi
445 3049 499 3106 hoc
519 3068 610 3123 genus
625 3048 886 3122 aliasrspudiavlt,
906 3056 1067 3108 nostrorum

60 3131 190 3188 codicum
201 3134 295 3190 tollere
307 3134 368 3205 Ι,66
379 3134 469 3206 eiecit,
483 3135 550 3206 quia
560 3152 578 3192 a
589 3135 718 3191 Lucretio
732 3134 866 3206 scriplum
878 3150 943 3191 esse
954 3135 1067 3191 tardere

62 3220 178 3271 testatur
188 3216 307 3286 Nonius,
333 3233 425 3290 neque
445 3220 475 3274 in
491 3227 593 3276 versus
606 3221 673 3289 6⁷4,
692 3221 743 3279 702
762 3218 877 3277 tibrim
889 3235 943 3290 pro
958 3219 1065 3276 rariore

59 3298 196 3356 adverbio
206 3302 328 3374 loupimr,
340 3303 416 3373 quod
427 3302 616 3374 legilNouius‚
628 3302 828 3374 venirapotuil
838 3300 1066 3374 unanasiuniba

58 3396 144 3452 quam
158 3399 194 3440 ex
208 3387 389 3456 glossemate.
419 3388 518 3457 Itaque
533 3387 672 3459 eiusmodi
688 3386 757 3460 quid
770 3387 856 3461 etiam
868 3385 917 3455 Vl,
932 3388 1002 3445 noo
1016 3401 1065 3441 ac·

58 3465 163 3522 cidisse
179 3473 207 3522 ut
219 3485 272 3542 per
286 3469 562 3544 interpretamentum
578 3477 741 3545 corruptum
755 3469 956 3529 cxtmdcretur
965 3468 1066 3542 genui-
