2340 3854
139 192 183 258 62

225 367 331 420 etcum
343 366 472 435 tempora
484 354 662 434 temporibus
674 354 837 434 praeseutia
851 353 966 418 coulert

224 442 405 522 praeteritis,
417 437 512 499 laudat
525 438 654 500 fortunas
667 455 756 516 saepe
768 439 905 518 parentis.

223 527 313 586 tristis
325 526 393 585 item
403 521 518 584 vetulae
530 524 595 583 vitia
607 532 686 583 sator
699 531 785 601 atque
797 522 891 583 vietae

223 609 361 687 temporis
373 607 483 668 incusat
497 623 627 683 momen,
644 605 814 684 caelumque
825 604 942 684 latim,

140 701 209 759 1170
222 703 252 753 et
264 701 380 770 crepat,
392 693 536 769 antiquum
546 707 639 767 genus
652 700 682 751 ut
693 691 800 768 pietate
810 687 953 767 repletum
1007 734 1011 739 -

222 774 362 856 perfacile
373 777 502 852 augustis
513 773 642 835 tolerarit
654 773 755 834 linibus
767 789 888 849 aevom,

223 878 288 920 curu
298 860 389 919 miuor
400 868 481 920 esset
493 860 553 935 agri
563 857 652 918 multo
664 857 764 917 modus
781 866 847 917 sule
858 857 977 917 viritim:

221 962 277 1003 uec
288 951 368 1003 tenet
380 943 473 1003 omnia
484 939 619 1020 paulatim
629 940 783 1002 tabescere
795 949 826 1001 et
835 941 878 1000 ire

223 1025 259 1086 ad
270 1025 418 1104 capulum,
431 1026 524 1104 spatio
536 1026 636 1086 aetatis
648 1023 764 1085 defessa
774 1031 899 1085 vetusto.

513 1245 761 1254 ——-—--—

384 1442 422 1532 l.
459 1436 722 1532 statutt
763 1436 902 1530 utut

218 1608 311 1721 llll
368 1604 659 1721 llllllllll
716 1583 1064 1720 Nllllll'l

453 1787 833 1875 uruuuruurruu.

224 2061 255 2173 E
267 2109 394 2171 tenebris
406 2111 490 2171 tantis
501 2119 557 2170 tum
569 2108 674 2170 clarum
687 2108 829 2171 extollere
839 2107 935 2169 lumen

223 2196 271 2273 qui
283 2196 388 2273 primus
400 2195 517 2272 potuisti
531 2192 683 2254 inlustrans
695 2191 842 2254 commoda
852 2194 945 2271 vitas,

221 2288 251 2338 te
266 2295 390 2357 sequor,
403 2294 420 2337 o
431 2275 530 2336 Graiae
546 2279 641 2352 gentis
653 2276 762 2353 decus,
774 2277 860 2355 inque
872 2276 927 2337 tuis
938 2293 1016 2338 uuuc

222 2361 288 2420 licta
300 2360 404 2439 pedum
416 2376 493 2437 porro
505 2360 615 2436 pressis
627 2360 750 2436 vestigia
761 2360 867 2436 siguis,

194 2453 210 2504 5
225 2460 282 2503 uou
292 2445 331 2502 ita
343 2441 469 2502 certandi
482 2440 601 2519 cupidus
614 2459 697 2519 quam
708 2450 828 2521 proptor
839 2460 964 2503 amorem

222 2524 299 2605 quod
310 2535 340 2586 te
351 2525 450 2583 imitari
462 2540 549 2584 aveo:
563 2522 630 2602 quid
642 2525 717 2584 euim
728 2525 880 2587 contendat
891 2525 1012 2587 Ιιίιιιιιιίο

222 2610 340 2687 cycnis,
353 2617 400 2669 aut
413 2607 479 2687 quid
493 2625 556 2666 uam
568 2607 696 2670 tremulis
706 2608 804 2670 iacere
819 2609 935 2672 artubus
947 2609 1031 2672 haedi

222 2691 370 2755 consimile
382 2694 410 2751 iu
422 2710 507 2754 cursu
519 2693 630 2770 possint
642 2701 671 2753 et
682 2694 764 2754 lortis
777 2691 922 2773 equitis?

221 2787 268 2856 tu,
281 2787 379 2858 pater,
393 2795 425 2837 es
438 2794 531 2836 rerum
542 2778 691 2856 inventor,
706 2788 737 2840 tu
747 2781 836 2857 patria
846 2776 929 2838 uobis

177 2872 211 2925 lo
221 2862 387 2941 suppeditas
399 2869 571 2940 praecepta,
584 2862 699 2941 tuisque
710 2881 764 2941 cx,
776 2860 901 2938 inclute,
914 2858 1039 2936 chartis,

222 2945 355 3006 llorilerr's
366 2954 396 3006 ut
407 2962 478 3023 apes
489 2947 517 3005 iu
532 2945 649 3007 saltibus
665 2947 756 3006 omnia
767 2944 871 3020 libant,

223 3031 314 3090 omnia
325 3047 378 3090 uos
393 3028 490 3089 itidem
505 3029 684 3108 depascimur
693 3045 777 3088 aurea
789 3026 880 3102 dicta,

221 3131 324 3190 aurea,
335 3121 475 3192 perpetua
488 3130 603 3192 semper
614 3112 778 3189 dignissima
787 3111 855 3169 vita.

221 3214 283 3256 uam
295 3195 377 3257 simul
389 3214 424 3257 ac
435 3199 506 3257 ratio
518 3206 565 3257 tua
577 3195 673 3272 coepit
683 3191 836 3252 vociferari

175 3292 206 3344 15
217 3289 342 3340 naturam
353 3298 463 3356 rerum,
475 3280 567 3340 diviua
578 3286 671 3338 mente
684 3285 798 3352 coorta,

222 3363 369 3442 diliugiuut
379 3365 462 3424 animi
472 3372 616 3438 terrores,
628 3360 739 3420 moenia
750 3360 844 3420 muudi

222 3447 387 3524 discedunt,
400 3456 489 3507 totum
503 3444 588 3506 video
600 3462 653 3525 per
663 3443 745 3504 inane
756 3445 819 3524 geri
830 3463 887 3505 res.
