2340 3854
548 199 577 263 ll

143 367 222 429 nullo
234 369 288 430 iam
299 378 385 449 paeto
397 369 459 430 veri
471 368 564 431 simile
575 387 644 431 0000
656 369 853 450 putandumst,

143 452 268 532 undique
282 471 346 514 oum
356 471 473 514 vorsum
484 455 606 533 spatium
618 464 703 516 raoet
714 455 850 517 inlinitum

142 538 308 616 seminaque
319 539 467 598 innumero
479 555 597 598 numero
609 555 773 618 summaque
786 539 927 618 profunda

56 606 126 684 10115
142 619 314 682 multimodis
325 621 446 682 volitent
457 629 575 682 aeterno
587 623 698 701 peroita
708 632 804 701 motu,

142 703 218 766 huno
229 722 314 765 uuum
325 713 463 766 terrarum
476 705 574 766 orbem
587 704 755 785 caelumque
768 717 910 785 creatum,

143 787 182 849 nil
197 806 286 866 agere
298 786 346 849 illa
357 789 428 849 foris
440 797 482 849 tot
494 806 617 867 corpora
626 792 768 859 materiam

142 890 207 934 euru
218 874 388 951 praesertim
400 871 449 933 lrio
463 875 500 934 011
511 881 608 934 natura
618 872 729 952 faetus,
742 884 771 936 et
782 876 845 955 ipsa

140 965 246 1035 sponte
257 973 309 1017 sua
321 955 397 1034 forte
410 956 576 1018 offensando
587 965 622 1018 01
632 959 740 1019 semina
751 976 847 1019 rerum

55 1048 125 1104 1060
140 1039 313 1101 multimodis
325 1049 434 1101 temere
445 1044 474 1101 10
486 1059 598 1102 oassum
609 1041 771 1121 frustraque
786 1052 887 1105 ooaota

139 1123 253 1185 tandem
265 1122 416 1185 oolueruut
427 1144 462 1187 ea
474 1143 547 1205 quae
561 1134 702 1187 00000010
713 1136 835 1206 repente

58 1279 60 1283 Ι
139 1226 303 1286 magnarum
314 1227 410 1269 rerum
421 1210 522 1270 fierent
534 1209 653 1269 exordia
663 1228 796 1288 semper,

139 1294 226 1352 terrai
238 1294 323 1353 maris
335 1301 365 1352 et
378 1291 451 1352 caeli
463 1295 638 1371 generisque
650 1294 826 1352 animantum.

45 1382 47 1385 ’
141 1392 229 1454 quare
242 1376 327 1435 etiam
337 1386 423 1454 atque
436 1379 520 1436 etiam
531 1373 597 1435 talis
607 1375 716 1435 fateare
727 1393 852 1437 0000000
865 1386 911 1438 001

56 1467 124 1522 1065
141 1478 208 1520 0000
222 1457 716 1536 01100011010000000000000100101,

142 1541 234 1621 qualis
244 1541 292 1602 hio
304 1552 367 1619 est,
380 1542 464 1602 avido
475 1542 628 1623 complexu
641 1561 726 1622 quem
737 1551 817 1604 tenet
827 1544 935 1607 aether.

183 1625 336 1687 Praeterea
349 1644 413 1687 eum
424 1628 558 1688 materies
570 1635 617 1687 001
627 1625 714 1687 multa
724 1637 839 1707 parata,

142 1728 206 1770 oum
217 1708 300 1770 loeus
310 1720 356 1772 est
367 1719 500 1790 praesto,
513 1729 628 1772 000000
640 1729 695 1772 neo
710 1728 796 1771 00000
807 1722 931 1774 moratur

141 1792 215 1872 0110,
228 1796 291 1872 geri
303 1794 427 1871 debent,
439 1797 583 1874 nimirum,
597 1805 627 1857 et
638 1796 757 1856 00011001
767 1813 825 1857 000.

57 1883 125 1939 1010
139 1895 214 1938 nuno
228 1896 267 1939 ex
278 1879 452 1956 seminibus,
465 1881 490 1941 si
500 1888 576 1940 tanta
590 1889 637 1940 est
648 1880 732 1959 eopia
747 1890 877 1958 quantam

140 1980 306 2023 enumerare
317 1971 398 2023 aetas
411 1965 580 2023 animantum
590 1980 648 2023 non
662 1971 749 2041 queat
759 1966 866 2042 omnis,

139 2047 204 2125 quis
217 2044 318 2105 eadem
329 2055 427 2105 natura
438 2055 549 2123 manet,
562 2063 636 2124 quae
648 2047 756 2107 semina
767 2065 862 2107 rerum

142 2129 278 2189 oonioere
291 2129 320 2187 iu
335 2127 400 2188 looa
413 2146 544 2208 quaeque
557 2137 643 2208 queat
653 2128 737 2189 simili
746 2131 855 2189 ratione

140 2222 226 2290 atquo
240 2211 297 2272 lruo
309 2221 374 2273 0001
386 2213 535 2290 00010010,
547 2230 672 2273 0000000
685 2221 730 2273 est
741 2213 897 2274 confiteare

57 2303 123 2358 1075
139 2315 208 2358 esse
221 2295 294 2356 alios
309 2295 372 2357 aliis
384 2304 523 2357 terrarum
533 2298 562 2357 iu
573 2297 701 2375 partibus
715 2296 793 2357 orbis

140 2390 170 2442 et
181 2382 274 2441 varias
286 2379 429 2441 hominum
441 2383 535 2458 gentis
547 2380 686 2442 01000010
698 2380 830 2441 ferarum.

181 2464 244 2526 lluo
256 2463 370 2525 aoeedit
382 2473 413 2524 ut
427 2467 455 2525 10
466 2483 574 2526 summa
585 2483 633 2525 res
644 2463 721 2525 nulla
735 2467 773 2526 sit
783 2484 855 2543 una,

141 2550 224 2608 unica
237 2566 310 2627 quae
322 2550 455 2626 gignatur
466 2558 495 2609 et
506 2551 588 2609 00100
600 2548 720 2627 solaque
736 2559 867 2626 oresoat,

140 2633 208 2710 quin
219 2630 354 2710 aliquoiu’
367 2633 423 2692 0101
434 2631 524 2692 000011
534 2631 733 2711 permultaque
744 2632 847 2693 eodem

58 2722 124 2778 1080
140 2716 197 2776 0101
211 2732 330 2792 genere.
347 2715 375 2773 in
390 2715 487 2792 primis
500 2713 683 2792 animalibus,
695 2714 803 2775 inclute
815 2714 946 2793 llemmi,

139 2799 269 2858 invenies
281 2798 325 2857 010
336 2798 529 2874 montivagum
540 2815 632 2874 genus
645 2816 713 2859 esse
726 2798 867 2874 ferarum,

139 2884 183 2945 sio
195 2880 338 2941 hominum
350 2881 473 2958 genitam
487 2880 616 2959 prolem,
629 2881 672 2942 010
684 2880 808 2961 denique
820 2890 911 2942 mutas

140 2967 351 3045 squamigerum
363 2963 493 3044 pecudes
509 2974 538 3025 et
550 2981 672 3045 eorpora
685 2974 787 3026 000010
797 2963 949 3026 volantum.
1044 2993 1046 2995 ·

140 3058 318 3130 quapropter
329 3047 440 3109 eaelum
452 3048 538 3110 simili
549 3051 658 3110 ratione
670 3048 858 3127 fatendumst,

56 3142 124 3198 1085
139 3143 302 3213 terramque
315 3142 344 3194 et
357 3131 467 3211 solem,
485 3132 594 3210 lunam,
609 3151 705 3210 mare,
719 3142 817 3194 001000
831 3151 904 3211 quae
918 3143 1001 3216 0001,

139 3235 197 3278 000
208 3236 277 3279 0000
288 3219 387 3294 00100,
400 3217 453 3278 001
465 3234 582 3278 numero
595 3219 686 3295 magis
699 3217 880 3286 innumerali;

141 3301 369 3381 quandoquidem
378 3301 454 3362 ritae
467 3300 606 3381 depactus
617 3301 754 3362 terminus
765 3300 823 3362 alte

140 3394 196 3445 tarn
208 3394 301 3445 manet
313 3383 403 3463 liaeo,
416 3394 445 3446 et
457 3394 514 3446 tam
524 3387 619 3445 nativo
634 3402 757 3464 corpore
770 3395 918 3462 00001001,

141 3485 224 3548 quam
235 3486 327 3546 genus
340 3485 423 3530 omne
436 3468 513 3540 quod
521 3467 568 3530 lrio
581 3471 739 3549 generatim
748 3470 835 3531 rebus
847 3467 980 3530 abundat.
