2340 3854
565 173 578 234 1

156 365 220 409 euru
232 346 299 407 dare
312 354 465 420 nouantur,
477 343 556 422 nnus
567 359 649 421 oras,
665 342 773 422 poeuis
784 344 921 429 ninom,

156 432 322 507 contingunt
332 425 427 488 meilis
437 426 514 486 dulei
527 425 659 505 flavoque
670 426 804 507 liquore,

156 524 186 575 ut
197 528 349 593 puerorum
360 521 440 572 seins
451 511 598 590 inprovida
609 509 773 571 ludificetur

122 614 145 661 ro
155 598 296 657 labrorum
307 604 390 655 tenus
400 641 409 672 ,
421 598 529 656 interea
540 603 675 673 perpotet
685 612 809 655 omnum

155 679 276 741 absinthi
289 678 418 757 laiioorn,
431 679 611 759 deceptoque
622 696 679 738 non
691 681 839 759 capiatur,

157 763 209 825 sed
222 765 317 843 poiius
329 762 378 823 isli
390 772 475 841 paeto
486 773 615 823 recreata
625 762 771 840 valescat,

156 850 374 925 nicagoram,
390 848 520 924 quonium
532 846 605 906 haee
617 848 689 906 ratio
701 844 875 927 plerumque
886 852 1009 917 videm

156 934 264 993 tristior
275 949 343 992 esse
356 930 457 1009 quibus
468 946 524 989 non
536 939 582 990 esi
593 939 728 1008 amoinus,
739 939 881 1011 retroque

122 1030 145 1081 rs
156 1014 260 1092 volgus
272 1014 407 1075 abhorret
418 1014 454 1073 ab
465 1012 537 1091 hau,
548 1012 626 1073 volui
637 1013 688 1074 ribi
701 1013 919 1095 suaviloquenti

159 1100 279 1161 carmine
292 1097 385 1158 Pierio
397 1099 533 1157 rationem
544 1115 691 1176 exponere
701 1107 827 1158 nosiruru

157 1193 187 1246 ei
200 1184 279 1263 quasi
290 1199 406 1243 rnusueo
417 1180 493 1241 dulei
505 1183 672 1260 contingere
683 1180 785 1251 melle;

156 1273 180 1330 si
192 1269 245 1329 iibi
257 1266 331 1328 ioris
343 1269 461 1327 animum
473 1264 522 1326 inii
532 1268 640 1328 ratione
651 1275 751 1328 tenere

158 1352 289 1412 versibus
300 1354 327 1411 in
339 1354 442 1413 nostris
455 1369 587 1430 possem,
600 1350 665 1411 duna
677 1351 820 1430 perspicis
830 1366 948 1414 omnem

122 1452 146 1499 ro
158 1446 282 1495 naturam
295 1453 405 1512 rerum,
419 1453 474 1514 qua
486 1444 598 1496 oensiet
611 1444 723 1514 compta
734 1434 832 1511 figura.

201 1518 258 1577 Seri
271 1520 399 1596 quoniam
411 1518 495 1577 docui
508 1518 677 1579 solidissima
688 1519 812 1578 materiai

160 1619 280 1680 corpora
292 1611 433 1680 perpetuo
445 1600 564 1662 volitare
578 1604 683 1662 invioia
693 1621 747 1681 per
758 1618 877 1681 aevom,

158 1704 232 1747 nuno
244 1704 316 1763 age,
329 1687 444 1747 summai
456 1686 593 1765 quaedam
604 1689 640 1748 sii
652 1687 714 1747 iinis
729 1703 844 1765 eorunr,

159 1790 251 1831 neone
263 1773 315 1847 sii,
329 1771 508 1831 evolvamus:
520 1774 587 1833 iiern
599 1770 675 1850 quod
686 1774 767 1831 inane
778 1780 953 1850 repertumst

122 1868 147 1918 ii
159 1875 211 1917 seu
224 1854 306 1915 iocus
318 1872 351 1915 ac
363 1858 500 1934 spatium,
517 1875 565 1917 ros
576 1858 603 1915 in
615 1874 671 1935 quo
684 1873 814 1936 quasque
824 1865 978 1936 gerantur,

161 1940 358 2021 pervideamus
371 1950 461 2001 utrum
475 1942 580 2002 iiniturn
591 1940 715 2003 funditus
729 1956 811 2000 omne

162 2036 292 2105 constet,
304 2044 339 2087 an
350 2028 513 2089 inuneusum
525 2036 619 2109 pateat
629 2035 767 2107 vasteque
778 2020 955 2104 profundum.

204 2112 294 2173 (irone
307 2112 383 2193 aluod
395 2123 440 2175 esi
451 2116 537 2193 igitur
547 2113 623 2175 nullu
633 2114 750 2191 regione
760 2112 865 2170 uiarum

162 2198 296 2259 flniiunrsi
307 2220 314 2258 :
326 2216 447 2275 numque
459 2210 614 2259 extremum
625 2197 748 2257 debebat
760 2194 880 2254 habere:

122 2292 151 2349 io
161 2290 318 2341 exiroruunr
330 2298 416 2359 porro
429 2280 533 2340 nulline
546 2298 634 2359 posse
646 2279 757 2337 videtur

161 2382 245 2437 ossae,
258 2366 311 2421 nisi
325 2362 396 2421 uitro
410 2364 447 2419 sii
460 2362 536 2438 quod
548 2363 637 2428 iiuiat;
649 2369 679 2417 ut
690 2357 819 2416 videniur

161 2462 217 2525 quo
231 2462 286 2501 uon
299 2444 410 2522 longius
427 2442 499 2501 isaeo
510 2460 612 2503 sensus
624 2450 720 2500 natura
731 2446 875 2513 sequatur.

161 2546 235 2589 nunu
247 2535 325 2587 exiro
336 2540 468 2587 summam
480 2526 610 2601 quonisrn
621 2522 659 2581 nii
670 2537 738 2581 esse
749 2516 906 2589 fatendum,

161 2630 216 2679 non
229 2610 314 2669 hahet
326 2618 496 2681 extromum,
510 2615 587 2664 naret
598 2620 669 2680 ergo
681 2602 735 2659 iius
746 2596 896 2672 modoque,

122 2732 149 2787 ‚5
162 2716 216 2769 neo
227 2692 315 2755 referi
327 2690 428 2771 quibus
439 2685 559 2747 adsistas
570 2683 734 2761 regionibus
746 2680 823 2738 eius:

122 2758 131 2799 '
161 2800 252 2865 usque
263 2777 352 2855 adeo,
365 2788 448 2854 quem
459 2772 580 2849 quisque
592 2767 685 2826 ioounr
694 2762 842 2843 possedit,
860 2764 887 2822 in
899 2763 989 2825 omnis

162 2863 321 2947 tantundem
332 2859 418 2938 partis
430 2854 563 2912 iniinitnm
572 2867 654 2910 omne
665 2848 807 2929 relinquit.

184 2960 312 3025 faeterea
322 2945 347 3004 si
358 2944 411 3000 iarn
422 2936 525 2996 unitum
538 2934 724 2993 constituatur

162 2988 245 3119 {mne
257 3024 332 3110 quod
344 3031 389 3084 esi
399 3018 533 3097 spatium,
546 3018 635 3095 siquis
646 3022 795 3105 procurrat
805 3013 839 3072 ad
852 3030 916 3073 oras

163 3131 273 3204 ultimus
283 3118 421 3173 extremas
432 3101 572 3179 iaoiatque
584 3100 703 3202 roiatile
712 3098 817 3174 telum,

163 3222 191 3289 id
200 3199 297 3274 validis
308 3200 399 3251 nuum
409 3192 568 3246 oonioriurn
578 3186 684 3246 vrrrhus
695 3204 736 3244 rre

165 3316 219 3389 quo
231 3280 314 3351 inerit
323 3273 437 3334 missurn
448 3273 536 3333 maris
548 3270 693 3350 longeque
703 3266 817 3343 volare,

166 3406 199 3452 „n
211 3363 360 3461 prohibere
370 3354 475 3456 aliquid
491 3374 595 3455 nenses
606 3356 779 3431 obstareque
790 3345 901 3429 posse?
939 3376 944 3382 ·

166 3463 323 3534 slrsruunm
334 3441 447 3505 fatearis
459 3458 532 3501 enno
544 3456 695 3519 sumasque
703 3439 866 3496 necessest.
