2340 3854
565 222 595 289 ll

158 401 187 452 et
201 393 299 470 nigros
312 393 468 471 lierinigro
479 391 515 452 de
527 393 635 454 semine
649 403 757 468 cyanos

94 484 145 538 825
160 486 206 537 aut
218 475 274 536 alio
287 478 389 557 qnoris
399 477 605 555 unorarioqne
617 476 726 537 colore.
837 537 839 541 ,

200 559 369 634 Quinetiam
384 568 489 638 quanto
500 561 529 618 in
540 570 640 638 partas
651 578 699 620 ras
712 578 844 640 quaeque
855 562 974 622 minutas

157 642 319 704 distrahitur
330 645 437 721 magis,
450 641 507 702 hoc
516 645 607 720 nugis
620 653 666 704 est
675 651 706 703 ut
716 662 839 706 caruere
850 647 947 724 possis

157 746 334 790 evanescere
345 726 479 806 paulatim
489 728 652 806 stinguique
664 725 807 797 colorem;

157 821 187 872 nt
201 813 230 893 lit
240 813 289 873 ubi
299 811 327 872 ia'
338 829 441 890 parvas
455 812 542 890 partis
551 810 728 890 discerpitur
740 830 793 872 usu

92 903 145 957 880
156 913 296 974 purpura,
308 896 525 974 poeniceusque
537 893 620 956 color
630 893 797 957 clarissimu’
808 895 909 974 multo,

156 978 252 1039 filatim
263 996 327 1040 cuae
338 979 471 1040 disnaota
480 989 544 1057 est,
554 978 731 1058 dispergunt
741 981 848 1050 omois;

156 1081 280 1124 noscere
292 1072 321 1123 ut
332 1063 504 1141 hinc'possis
516 1065 596 1142 prius
608 1082 719 1124 omnem
730 1063 829 1125 cidara
843 1063 970 1127 colorem

155 1146 324 1227 particulas,
338 1165 420 1228 mam
431 1146 578 1208 discedant
590 1148 624 1208 ad
640 1150 747 1209 samioa
759 1165 863 1209 nemun.

198 1231 346 1293 Postremo
357 1233 489 1312 quoniam
503 1249 561 1290 noo
575 1234 667 1293 omnia
679 1249 800 1309 corpora
812 1249 915 1292 vocem

91 1321 143 1376 888
154 1316 267 1375 mittere
280 1316 416 1376 concedis
427 1333 523 1392 neque
534 1315 668 1392 odorem,
680 1325 836 1393 propterea
848 1317 879 1376 ir

155 1409 186 1458 ut
198 1416 254 1458 non
266 1400 395 1460 omnibns
406 1396 548 1459 adtribuas
558 1400 668 1459 sonitus
683 1408 714 1459 et
725 1398 846 1461 odores:

155 1484 198 1543 sic
214 1481 305 1543 oculis
319 1484 449 1562 quoniam
459 1499 516 1542 noo
527 1484 618 1542 omnia
629 1501 750 1544 cernere
764 1484 891 1562 quimus,

155 1569 231 1626 scire
243 1565 311 1627 licet
326 1566 461 1647 quaedam
471 1576 527 1627 tam
542 1577 673 1628 constare
687 1568 756 1628 orba
768 1566 867 1629 colora

156 1668 238 1729 quam
249 1652 310 1711 sina
322 1650 411 1711 odore
423 1649 484 1711 ullo
495 1651 631 1730 quaedam
642 1653 793 1730 sonituque
805 1663 930 1728 remota,

90 1741 143 1797 840
153 1752 210 1794 nec
220 1735 310 1795 minna
322 1734 395 1796 haec
405 1737 525 1795 animum
538 1753 718 1813 cognoscere
730 1754 820 1814 posse
831 1754 964 1814 sagacem

154 1836 236 1897 quam
251 1836 322 1898 quae
339 1827 403 1880 sunt
414 1818 476 1879 aliis
487 1820 575 1879 rebus
587 1821 694 1898 privata
705 1829 813 1881 notare.

195 1901 254 1962 Sed
263 1920 300 1962 ne
310 1902 387 1962 forte
398 1913 482 1981 putes
494 1902 558 1962 solo
571 1902 692 1982 spoliata
702 1903 802 1964 colore

156 2002 276 2064 corpora
287 1989 375 2064 prima
386 2003 516 2063 manere,
536 1989 619 2046 etiam
634 1996 748 2047 secreta
759 1989 868 2065 teporis

154 2079 218 2129 sunt
229 2087 263 2129 ac
276 2068 390 2146 frigoris
403 2071 515 2128 omnino
529 2068 668 2147 calidique
679 2072 812 2148 vaporis,

89 2162 140 2216 845
152 2161 182 2212 et
196 2153 290 2212 sonitu
302 2152 400 2212 sterila
414 2161 444 2211 et
458 2168 529 2211 suco
541 2153 634 2213 ieiuna
644 2152 790 2229 iemntnr,

154 2254 210 2296 nac
221 2237 324 2296 iaciunt
338 2235 426 2295 ullum
437 2237 555 2314 proprio
566 2235 603 2296 da
617 2253 740 2315 corpore
751 2236 878 2298 odorem

153 2321 227 2381 sient
239 2320 386 2380 amaracini
398 2318 529 2380 blandum
542 2327 707 2400 stactaeque
720 2320 859 2400 liquorem

153 2413 183 2465 at
194 2402 271 2464 nardi
284 2403 399 2482 dorem,
412 2413 511 2464 necmr
521 2405 568 2483 qui
579 2405 693 2466 naribus
704 2403 797 2483 halat,

154 2507 217 2550 cnm
229 2487 326 2550 iacere
338 2490 482 2565 instituas,
496 2507 559 2548 curu
572 2490 668 2568 primis
680 2508 819 2569 quaerere
831 2507 882 2568 par
893 2498 956 2568 est,

85 2580 139 2635 880
151 2571 243 2651 quoad
254 2571 323 2633 licet
334 2590 368 2632 ac
382 2575 457 2652 potis
470 2592 503 2633 aa
516 2575 663 2651 reperire,
681 2574 814 2634 inolentis
827 2572 895 2634 olivi

152 2665 294 2732 naturam,
306 2654 410 2715 nnllam
422 2673 494 2735 quae
510 2658 599 2717 mittat
612 2659 726 2719 naribus
737 2675 849 2734 aurun,

155 2756 237 2817 qnam
248 2739 360 2798 minime
374 2748 405 2798 ut
416 2741 509 2817 possit
519 2741 623 2799 mixtos
635 2742 663 2799 in
676 2757 799 2818 corpore
811 2739 917 2800 odores

154 2830 369 2899 concoctosque
381 2838 434 2881 suo
447 2830 626 2884 contractans
637 2823 760 2902 perdere
773 2825 852 2899 viro,

152 2914 272 2985 propter
282 2905 401 2966 eandem
411 2924 476 2966 rem
489 2904 595 2965 debant
606 2905 757 2986 primordia
769 2923 863 2966 rerum

88 2998 140 3052 855
150 3008 208 3051 non
222 2988 358 3050 adhibere
370 3007 451 3051 suum
462 2989 614 3068 gignundis
625 2991 712 3052 rehum
725 2989 858 3067 odoram,

152 3092 206 3134 nec
221 3075 359 3152 sonitum,
374 3075 505 3153 quoniam
516 3073 555 3133 nil
568 3074 603 3135 ab
615 3094 649 3136 ae
659 3076 771 3135 mittere
783 3083 921 3153 possunt,

151 3175 207 3219 nec
218 3158 301 3219 simili
312 3159 421 3220 ratiom
437 3175 570 3239 saporam
582 3158 704 3238 denique
717 3175 885 3238 quemquam

151 3259 206 3303 nec
218 3242 308 3320 frigus
320 3260 414 3323 neque
425 3245 493 3302 item
505 3241 625 3302 calidum
635 3242 819 3323 tepidumque
830 3258 983 3322 vaporem,

153 3334 264 3395 cetera;
275 3344 348 3406 quae
361 3343 424 3387 cum
435 3328 472 3387 ita
485 3336 551 3386 sunt
562 3335 656 3388 teman
668 3337 699 3388 ut
710 3326 837 3388 mortalia
850 3334 1000 3405 constent,

86 3417 138 3472 860
148 3408 227 3469 molli
239 3409 334 3488 lenta,
350 3411 465 3488 fragosa
476 3412 569 3490 putri,
583 3428 652 3473 cava
664 3429 788 3492 corpore
801 3427 882 3488 raro,

151 3495 243 3553 omnia
256 3495 311 3554 sint
322 3511 339 3554 a
352 3495 500 3574 principiis
513 3497 641 3557 seiuncta
652 3504 821 3572 necessest,
