2340 3922
134 185 192 249 142
615 183 639 242 V

213 366 269 430 quo
281 359 366 429 paeto
381 350 497 410 aestivis
509 368 526 409 e
538 348 663 428 pertibus
674 350 857 427 aegocerotis

209 430 342 493 brumalis
353 431 436 493 edent
446 432 538 493 llexus
550 440 634 512 etque
646 430 870 493 inderevertens

146 527 197 580 616
215 516 309 576 reneri
321 532 354 575 se
366 524 396 576 ut
407 524 598 576 vertetmetes
609 513 644 574 nd
655 513 830 592 solstitialis,

210 599 333 677 luneque
343 599 488 660 mensibus
499 597 528 658 id
540 600 660 677 spatium
672 595 801 658 ridentur
811 599 909 676 obire,

210 698 298 741 enuua
310 678 354 742 sol
366 683 395 740 in
406 698 463 759 quo
476 682 615 743 consumit
626 690 754 760 tempore
766 699 858 743 eursu.

210 783 282 842 non,
294 766 422 842 inquam,
437 765 560 844 simplex
570 763 613 826 lris
625 765 711 825 rebus
722 763 831 825 reddita
842 775 963 827 deusest.

210 866 273 908 nam
284 848 345 909 lieri
358 846 405 908 vel
418 849 588 926 cumprimis
599 846 626 907 id
639 865 728 926 posse
737 846 868 925 ridetur,

148 942 199 996 620
209 931 365 991 Democriti
378 929 455 1008 quod
466 939 564 991 senote
575 931 628 989 viri
640 932 780 991 sententie
790 933 885 1008 ponit,

210 1022 314 1091 quanto
326 1030 456 1091 quaeque
468 1014 557 1090 magis
571 1015 626 1073 sint
637 1021 739 1072 terrem
750 1011 843 1074 sidera
854 1025 989 1093 propter,

209 1105 285 1156 tento
298 1112 386 1174 posse
396 1096 486 1155 minus
499 1113 562 1156 oum
574 1094 646 1156 caeli
658 1095 769 1155 turbine
781 1095 849 1155 ferri
856 1119 862 1155 :

210 1197 386 1241 evanescere
400 1181 473 1239 enirn
487 1177 598 1258 rapidas
610 1177 684 1238 illius
697 1187 726 1238 et
737 1181 811 1238 nerle

209 1265 330 1323 imminui
343 1271 442 1341 supter
452 1264 535 1340 viris,
551 1261 674 1340 ideoque
686 1261 806 1340 relinqui

145 1359 196 1412 625
212 1345 345 1426 paulatim
355 1346 447 1407 solem
461 1365 524 1406 oum
534 1346 734 1425 posterioribu'
746 1346 852 1423 signis,

208 1429 326 1491 inferior
336 1430 424 1490 multo
436 1429 512 1508 quod
523 1431 559 1490 sit
571 1447 653 1508 quem
664 1427 772 1488 fervide
782 1430 871 1506 signe.

168 1571 181 1582 ,
209 1525 238 1575 et
249 1516 338 1590 magis
351 1512 406 1572 lroe
416 1511 523 1572 lunum:
536 1521 639 1589 quanto
651 1511 800 1572 demissior
811 1513 872 1571 eius

209 1614 309 1656 cursus
322 1597 403 1656 abest
415 1594 515 1673 procul
529 1595 640 1655 eeeelo
651 1596 792 1673 terrisque
805 1595 992 1674 propiaquat,

128 1707 132 1711 ¹
207 1688 285 1739 tento
301 1695 388 1757 posse
399 1679 489 1738 minus
501 1696 565 1737 oum
576 1680 666 1755 signis
679 1678 797 1738 tendere
812 1695 932 1737 cursum.

142 1772 194 1827 630
206 1762 367 1823 llaooidiore
379 1763 482 1821 etenim
494 1771 597 1839 quanto
607 1762 661 1820 iem
674 1761 785 1820 turbine
797 1759 886 1819 lemur

206 1845 323 1904 inferior
334 1861 416 1922 quem
426 1842 487 1919 sol,
500 1851 577 1903 tento
588 1844 677 1920 magis
690 1845 780 1902 omnia
791 1843 871 1919 signu

207 1929 278 1988 herro
289 1926 481 2007 adipiseuntur
492 1929 614 2002 cirrum,
626 1935 797 2005 praeterque
808 1924 944 1986 feruntur.

207 2021 360 2092 propterea
373 2012 402 2071 fit
413 2021 442 2071 ut
453 2010 525 2071 haee
537 2009 572 2070 ed
584 2010 695 2087 signum
708 2007 840 2087 quodque
854 2011 959 2069 reverti

206 2096 337 2157 mobilius
352 2095 497 2171 rideatur,
512 2093 546 2153 ad
559 2094 631 2154 huno
643 2094 708 2172 quia
720 2094 801 2171 signe
815 2094 950 2153 revisunt.

143 2190 193 2243 635
208 2183 238 2241 lit
252 2197 366 2258 quoque
378 2188 407 2239 ut
420 2198 437 2238 e
448 2177 542 2237 mundi
553 2178 722 2238 transversis
734 2177 860 2257 pertibus
874 2182 925 2236 adr
956 2203 959 2207 ·

207 2263 323 2323 alternis
336 2271 416 2322 certo
429 2262 518 2322 liuere
532 2262 605 2322 ulter
615 2272 744 2339 tempore
755 2262 865 2339 possit,

207 2348 254 2425 qni
267 2355 352 2424 queat
364 2346 480 2405 aestivis
494 2343 587 2404 solem
598 2343 749 2404 detrudere
761 2345 849 2419 signis

206 2427 339 2488 brumalis
351 2427 488 2504 usquead
501 2426 593 2485 llexus
607 2424 789 2502 gelidumque
801 2427 941 2502 rigorem,

206 2512 294 2589 etqui
308 2511 408 2569 reiciet
418 2508 521 2585 gelidis
532 2527 549 2568 e
560 2507 673 2585 frigoris
684 2508 789 2566 umbris

143 2604 194 2656 640
207 2592 356 2654 aestiferas
368 2609 459 2670 nsque
471 2593 498 2650 in
510 2592 597 2670 pertis
613 2600 642 2651 et
654 2590 761 2650 fervide
772 2592 863 2668 signe.

206 2687 235 2738 et
247 2679 355 2737 ratione
369 2678 428 2755 pari
439 2674 531 2735 lunam
542 2674 699 2752 stellaeque
711 2675 905 2755 putandumst,

206 2780 278 2839 quae
292 2758 410 2821 volvunt
421 2777 538 2838 magnos
551 2761 579 2819 in
591 2760 700 2837 mugnis
711 2759 827 2821 orbibus
840 2776 945 2836 annos,

205 2846 318 2906 aeribus
332 2861 421 2923 posse
432 2843 548 2905 alternis
560 2863 577 2904 e
589 2844 714 2923 parribus
727 2844 777 2902 ire.

205 2946 298 2989 nonne
309 2927 390 2988 vides
404 2929 486 2987 etiam
499 2927 618 2987 diversis
629 2926 723 2986 nubile
734 2927 827 2986 ventis

143 3019 192 3072 646
206 3012 332 3072 diversas
343 3013 384 3070 ire
397 3013 424 3070 in
435 3012 522 3089 pertis
535 3009 643 3069 inferna
654 3006 807 3088 supernis?

206 3097 253 3171 qui
264 3096 353 3155 minus
366 3093 415 3153 illa
425 3102 528 3172 queunt
539 3111 592 3172 per
603 3109 720 3169 magnos
732 3090 856 3151 aetheris
868 3089 945 3149 orbis

205 3175 331 3236 aestibus
343 3178 416 3236 inter
430 3196 463 3238 se
476 3177 596 3237 diversis
608 3175 701 3236 sidera
711 3170 800 3235 ferri?

246 3259 284 3318 llt
296 3273 353 3318 nux
364 3258 456 3319 obruit
467 3261 574 3337 ingenti
586 3258 708 3335 ealigine
719 3267 825 3332 terras,

203 3351 250 3404 out
264 3341 312 3401 ubi
323 3341 360 3401 de
371 3340 460 3420 longo
476 3361 560 3404 eursu
571 3341 617 3403 sol
629 3341 724 3401 ultimo
736 3338 808 3399 oeeli

143 3437 194 3492 666
206 3424 315 3507 impulit
326 3434 410 3504 atque
422 3443 490 3485 suos
502 3426 609 3486 elllnvrt
620 3422 767 3503 languidus
778 3423 852 3502 ignis
