2340 3854
577 219 605 280 V

173 400 260 468 atque
272 388 434 450 lacunarum
445 388 556 450 fuerant
566 389 689 465 vestigia
700 388 814 466 cuique.

86 483 160 540 1260
174 483 233 534 tum
244 471 412 553 penetrabat
426 488 479 534 ees
490 488 580 550 posse
592 470 665 532 brec
677 470 831 549 liquefacta
845 473 941 534 celere

175 555 330 635 quamlibet
343 557 373 614 in
387 553 505 614 tomam
518 553 662 614 etfaciam
676 553 830 615 decurrere
842 573 954 634 rerum,

175 649 205 700 et
216 654 347 719 prorsum
363 638 490 717 quamvis
502 639 530 695 in
544 646 671 698 acutam
682 639 777 698 tenvia
790 655 879 717 posse

175 737 340 782 mucronum
352 719 417 780 duci
429 718 540 796 fwigia
553 718 755 799 procudendo‚

176 813 206 864 ut
218 805 272 865 sibi
287 801 344 864 tela
358 802 474 878 darent,
488 801 632 880 siluasque
647 811 678 862 ut
689 803 810 864 caedere
822 816 941 883 possent

89 897 160 953 1265
175 888 378 963 materiemque
392 886 494 963 domo,
509 885 607 945 levare
617 903 652 944 ac
665 886 766 946 radere
777 888 853 963 tigna

176 979 206 1030 et
216 969 365 1030 terebrare
381 969 465 1028 etiam
478 986 513 1028 ac
525 967 697 1045 pertundere
709 986 818 1048 perque
831 970 933 1031 forare.

175 1070 232 1112 nee
245 1053 336 1113 minus
348 1059 467 1128 argento
479 1050 575 1111 iacere
588 1050 661 1111 baec
674 1070 800 1131 auroque
811 1054 945 1132 parabunt

177 1153 260 1214 quam
274 1133 358 1196 validi
370 1135 489 1212 primum
500 1133 634 1195 violentis
647 1136 754 1195 viribus
764 1139 855 1213 aeris,

177 1220 365 1297 nequiquam,
377 1218 509 1294 quoniam
521 1217 642 1277 cedebat
653 1219 728 1278 ricta
740 1228 869 1296 potestas

88 1309 160 1367 1270
176 1320 233 1362 nee
246 1308 358 1379 poterat
370 1301 475 1379 pariter
489 1299 588 1359 durum
602 1299 721 1360 sufferre
735 1300 869 1361 laborem.

176 1395 234 1446 tum
246 1385 298 1444 fuit
309 1385 338 1442 in
351 1386 445 1462 pretio
460 1385 551 1460 magis
564 1401 638 1460 oea,
650 1401 803 1461 aurumque
818 1385 928 1444 iacebat

175 1477 296 1547 propter
308 1466 486 1527 inutilitatem
500 1465 598 1526 hebeti
612 1483 747 1526 mucrone
759 1477 902 1528 retusum:

175 1569 251 1611 nunc
264 1553 338 1611 iacet
352 1568 419 1626 aes,
430 1566 528 1610 aurum
542 1552 570 1609 in
582 1567 719 1612 summum
731 1552 872 1612 successit
882 1551 1031 1614 bonorem.

176 1635 219 1695 sic
232 1632 374 1694 volvenda
385 1643 464 1693 aetas
477 1642 629 1693 commutat
643 1642 771 1713 tempora
781 1651 881 1695 rerum

91 1721 161 1780 1275
177 1716 254 1796 qnod
268 1716 321 1776 fnit
331 1718 359 1774 in
371 1718 481 1794 pretio,
495 1717 526 1776 fit
537 1716 616 1777 nullo
630 1715 752 1795 denique
766 1717 890 1778 bonore:

176 1817 262 1879 porro
273 1798 343 1860 aliut
357 1799 488 1860 succedit
502 1809 532 1859 et
547 1819 563 1859 e
575 1801 785 1880 contemptibus
799 1803 876 1879 erit,

176 1887 262 1961 inque
274 1882 335 1943 dies
350 1884 439 1960 magis
452 1882 594 1960 adpetitur
608 1883 749 1963 floretque
761 1896 906 1964 repertum

177 1966 306 2026 laudibus
317 1975 346 2026 et
357 1968 428 2024 miro
439 1975 485 2026 est
496 1966 622 2027 mortalis
633 1970 705 2027 inter
716 1966 833 2028 bonore.

217 2048 300 2109 Nunc
310 2048 362 2108 tibi
373 2065 430 2125 qno
445 2059 530 2126 pacto
542 2048 610 2109 ferri
621 2059 718 2110 natum
728 2060 843 2126 reperta

91 2139 161 2195 rabo
175 2134 211 2194 sit
222 2130 336 2192 facilest
346 2132 401 2208 ipsi
414 2149 466 2208 per
476 2140 506 2191 te
521 2150 718 2209 cognoscere,
732 2132 854 2192 biemmi.

176 2231 252 2276 mma
262 2214 376 2292 antiqua
387 2232 485 2274 manus
496 2233 607 2292 ungues
618 2215 777 2293 dentesque
788 2215 918 2291 fuerunt,

176 2308 205 2358 et
218 2296 328 2376 lapides
338 2306 369 2358 et
380 2298 448 2357 item
459 2296 592 2359 silvarum
605 2297 741 2376 fragmina
756 2302 839 2376 rami,

177 2390 206 2440 et
221 2380 422 2457 flammamque
434 2382 533 2459 ignes,
546 2392 696 2460 postquam
708 2393 772 2444 sunt
783 2385 896 2460 cognita
908 2383 1036 2464 primum.

177 2464 321 2542 posterius
335 2462 402 2522 ferri
414 2465 457 2525 vis
469 2474 513 2524 est
526 2468 658 2544 aerisque
672 2476 795 2544 reperta.

92 2554 161 2610 1285
179 2557 209 2607 et
221 2547 299 2624 prior
311 2548 386 2606 aeris
400 2557 460 2607 erat
475 2565 558 2624 quam
569 2549 638 2610 ferri
650 2554 781 2628 cognitus
795 2569 882 2628 usus,

177 2647 234 2707 quo
248 2628 341 2690 iacilis
352 2632 441 2707 magis
453 2638 499 2690 eet
512 2641 609 2692 natura
621 2642 650 2692 et
663 2636 746 2711 eopia
761 2636 857 2693 maior.

175 2729 242 2772 aere
254 2710 347 2771 solum
359 2721 453 2773 terrae
462 2715 634 2790 tractabant,
647 2732 772 2792 aereque
787 2714 855 2774 belli

177 2794 335 2856 miscebant
349 2794 452 2858 ductus
464 2805 494 2856 et
504 2795 620 2857 vulnera
631 2807 710 2857 vasta
721 2798 855 2857 serebant

177 2888 207 2939 et
217 2896 308 2957 pecus
318 2888 403 2957 atque
415 2896 500 2955 agros
515 2878 687 2940 adimebant:
699 2897 762 2939 nam
776 2878 860 2940 facile
873 2878 938 2941 ollis

94 2969 163 3027 1290
178 2963 269 3022 omnia
281 2959 420 3021 cedebam
431 2965 545 3024 mmatis
555 2963 628 3023 nuda
642 2972 671 3023 ct
683 2964 797 3022 inerma.

175 3044 241 3105 inde
252 3044 406 3105 minutatim
417 3047 560 3121 prooessit
572 3045 683 3106 ferreus
696 3048 789 3120 ensis,
917 3115 921 3124 ¹

175 3144 317 3205 versaque
331 3129 359 3186 in
372 3127 555 3206 obprobrium
566 3131 682 3208 species
693 3138 739 3188 est
750 3127 832 3187 iaicis
843 3127 970 3206 ahenas,

176 3219 205 3270 et
219 3210 296 3271 ferro
308 3227 436 3288 coepere
451 3210 542 3272 solum
554 3212 740 3289 pmscindere
752 3221 846 3272 terrae

175 3302 389 3372 exaequataque
402 3304 466 3356 sunt
478 3297 591 3373 creperi
602 3296 753 3355 certamina
764 3294 842 3356 beili.

104 3384 157 3440 295
176 3387 206 3438 et
218 3378 296 3455 prius
309 3385 354 3437 est
367 3386 501 3438 armatum
512 3378 540 3436 in
552 3379 618 3456 equi
631 3379 827 3441 conscendere
839 3387 937 3442 costas
966 3379 968 3383 ’

177 3470 207 3521 et
217 3459 390 3521 moderarier
403 3460 477 3522 bunc
492 3460 581 3524 irenis
592 3461 747 3540 dextraque
759 3464 859 3542 vigere
