2340 3854
135 271 184 338 40
625 271 652 332 ll

159 445 212 504 555
225 437 362 518 percipe,
373 436 536 514 multigenis
547 455 630 516 quarn
640 441 699 500 sint
708 440 813 500 variata
827 441 940 519 liguris:

225 538 281 581 non
297 537 354 600 quo
363 518 450 580 multa
459 537 557 598 parum
566 521 654 582 simili
663 524 722 583 sint
735 522 979 602 proditoriam,

224 603 278 666 sed
289 605 353 682 quia
363 619 421 664 non
430 601 519 680 volgo
530 606 608 682 paria
620 605 749 666 emmona
762 608 854 667 onnia
866 616 1011 671 constent.

224 705 279 748 nec
290 687 603 748 mirumznamcumsit
614 690 909 768 cornucopiam,
1053 699 1057 703 ’

224 769 451 848 conspuendo,
467 771 507 830 uti
518 769 619 850 docui,
632 790 845 852 nequeamus
857 773 978 852 sitella,

157 853 502 930 stodebent‚ninsirum,
517 856 960 936 nonommmonnnpmrm
1023 866 1027 873 ’

223 956 290 999 esse
303 936 364 1016 pari
375 935 423 997 iilo
436 935 578 1017 similique
592 937 704 1000 ndens
714 940 812 1018 ligura.

223 1022 377 1102 parturiunt
388 1039 481 1096 genus
493 1019 643 1081 lunanum
652 1031 804 1102 mutaeque
814 1032 943 1085 natantes

223 1105 432 1183 squamigerum
444 1104 573 1182 pecudes
587 1114 617 1165 et
627 1104 702 1166 laeta
712 1115 834 1166 armenta
844 1105 1002 1185 imaeque,

223 1198 253 1250 et
265 1189 359 1249 variae
368 1185 522 1265 volucres,
533 1186 664 1249 lactantia
679 1208 752 1268 quae
765 1189 831 1250 loca
842 1207 975 1268 aquarum
1048 1203 1051 1208 ·

157 1282 209 1336 345
224 1270 427 1334 concelebrant
438 1272 544 1332 circum
552 1274 629 1352 ripas
642 1273 785 1353 fontisque
796 1271 951 1351 meusque,

222 1365 252 1417 et
265 1372 338 1434 quae
353 1354 522 1435 pervolgant
533 1373 650 1417 nemora
662 1359 724 1418 aria
736 1355 953 1436 pervolitantos3

222 1455 340 1520 querum
355 1456 439 1498 unum
450 1437 561 1518 quiduis
570 1442 726 1518 generatim
738 1458 851 1502 munere
863 1458 971 1519 perge:

221 1524 349 1583 invenies
360 1532 453 1582 tamen
464 1524 538 1584 inter
547 1542 580 1584 se
593 1523 708 1585 differre
719 1525 826 1602 liguris.

221 1624 276 1667 nee
287 1607 395 1665 ratione
406 1604 460 1666 alia
470 1606 569 1684 proles
583 1623 763 1685 cognoscere
773 1618 889 1668 matrem

155 1699 208 1753 355
219 1708 274 1750 nec
285 1698 374 1748 mater
384 1698 484 1767 posset
495 1689 621 1767 prolem
632 1690 708 1769 qnod
719 1709 808 1770 posse
820 1690 968 1768 ridemus,

222 1791 277 1833 nec
289 1774 379 1832 minus
390 1781 475 1851 atque
487 1772 616 1833 homines
628 1775 702 1834 inter
711 1792 745 1835 se
756 1783 822 1834 nota
834 1773 942 1834 eluere.

222 1874 284 1916 nam
295 1873 384 1934 saepe
398 1865 462 1916 ante
476 1855 560 1916 deum
570 1856 674 1918 vitulus
686 1857 803 1917 delubra
816 1857 921 1918 decora

222 1941 387 2002 turicremas
398 1949 518 2018 propter
528 1949 665 2001 mactatus
680 1941 806 2002 concidit
818 1958 897 2018 aras,

221 2024 365 2102 sangoinis
380 2025 510 2102 expirans
522 2023 642 2084 calidum
656 2024 693 2084 de
706 2033 827 2104 pectora
839 2025 942 2084 damen
953 2047 960 2085 :

156 2116 208 2170 355
220 2117 249 2168 at
259 2117 348 2168 mater
357 2106 454 2169 viridis
466 2106 556 2170 soltus
571 2109 669 2169 orbata
682 2126 836 2188 peragrans

221 2193 315 2253 noscit
326 2190 401 2250 humi
414 2191 535 2270 pedibus
549 2194 671 2270 vestigia
682 2210 783 2272 pressa
795 2192 933 2270 bisulcis,

221 2277 311 2335 omnia
323 2277 474 2336 convisens
484 2277 576 2338 oculis
587 2275 668 2354 locu,
681 2280 706 2337 si
716 2285 803 2355 queat
813 2293 931 2355 usqua·

220 2361 391 2438 conspicere
401 2360 532 2420 amissam
543 2360 648 2437 fetum,
661 2359 845 2438 completque
857 2359 995 2436 querellis

221 2441 405 2503 frondiferum
416 2461 515 2502 neruns
529 2441 669 2518 adsiduis,
682 2451 711 2502 et
725 2442 827 2501 5551555
836 2444 934 2500 revisit

155 2535 208 2591 360
220 2526 255 2587 ad
267 2525 424 2601 stabulum,
436 2525 580 2585 desiderio
594 2525 701 2604 perdra
711 2526 841 2601 iuvenci,

220 2627 275 2669 nec
285 2619 401 2669 tenerae
413 2606 518 2668 salices
529 2617 615 2687 atque
625 2606 732 2668 herbae
743 2625 809 2667 rore
823 2608 955 2684 vigentes

222 2692 389 2770 dominaque
401 2689 449 2750 illa
464 2700 571 2769 queunt
581 2693 695 2753 summis
705 2691 828 2753 labentia
835 2691 906 2769 ripis

220 2775 366 2837 oblectare
380 2776 499 2834 animum
513 2774 682 2854 dubiamque
693 2785 825 2836 avertere
836 2791 947 2851 cumn,

220 2877 275 2920 nec
286 2858 437 2919 vitulorum
447 2856 519 2919 aliae
534 2862 650 2938 species
661 2877 715 2938 per
725 2856 827 2938 pabula
838 2856 912 2917 laeta

155 2952 207 3007 365
221 2943 349 3003 derivare
362 2952 469 3023 queunt
483 2946 602 3004 animum
613 2961 738 3021 curaque
752 2941 863 3002 levare:

221 3045 313 3105 usque
325 3026 397 3087 adeo
409 3026 539 3105 quiddam
550 3028 694 3106 preprium
704 3034 857 3103 notumque
869 3035 993 3103 requirat

219 3120 368 3188 praeterea
381 3112 472 3171 teneri
487 3109 615 3171 tremulis
629 3126 693 3168 cum
704 3109 823 3169 venons
836 3106 918 3168 haedi

219 3188 935 3357 liutsind:ttttnt‘tttttlto,

154 3367 208 3423 sto
219 3359 254 3421 ad
265 3379 315 3421 sna
327 3362 448 3441 quisquc
459 3360 522 3421 iere
532 3361 685 3422 decurrant
695 3359 783 3419 ubera
793 3357 884 3420 hatis

217 3453 364 3527 postremo
376 3443 496 3522 quodvis
507 3444 675 3506 frontum
689 3449 847 3503 nontamen
860 3459 943 3505 nuc

217 3527 322 3607 quique
334 3544 388 3589 suo
399 3544 508 3606 genere
519 3529 593 3588 inter
602 3545 637 3588 55
647 3526 739 3587 simile
751 3543 818 3586 5555
832 3525 961 3605 videtin
