2340 3854
533 226 560 288 ll

131 406 159 456 et
170 394 254 455 validi
265 393 380 469 silices,
392 409 426 452 ac
439 391 500 451 duri
509 394 613 455 robora
623 394 708 474 lerri,

68 491 120 544 450
133 496 255 558 aeraque
272 494 344 557 qnae
357 475 487 537 claustris
497 479 631 539 restantia
641 479 842 541 vociferantur.
871 496 874 506 ¹

130 562 178 623 illa
190 561 303 642 quidem
315 560 420 621 debent
433 558 572 622 oleribus
587 569 672 641 atque
684 562 810 625 rutundis

131 663 198 707 esse
209 647 315 724 magis,
329 641 433 703 lluvido
444 660 517 721 qnae
532 661 654 723 corpore
665 645 770 725 liquida
785 659 923 710 constant.

131 746 251 810 namque
261 728 412 807 papaveris
428 725 545 788 haustus
555 729 650 790 itemst
661 729 752 790 lacilis
764 733 843 809 qnasi
856 750 988 811 aquarum

131 831 186 873 neo
198 814 355 872 retinentur
365 809 439 871 enim
449 811 523 870 inter
534 829 568 872 se
578 810 778 889 glomeramina
793 830 940 894 quaeque,

64 907 117 962 455
132 905 160 957 et
172 912 327 975 procursus
338 894 405 954 item
419 892 549 971 procliue
563 894 696 958 volubilis
707 907 809 958 exstat.

131 981 222 1040 omnia
236 986 381 1057 postremo
394 993 466 1057 quae
477 987 584 1057 puncto
596 988 725 1059 tempore
738 983 831 1041 cernis

131 1063 287 1140 diffugere,
304 1071 334 1122 ut
346 1060 450 1120 furnum
460 1061 579 1122 nebulas
592 1062 788 1143 dammasque,
802 1075 971 1143 necessest,

131 1148 256 1207 siminus
269 1144 391 1205 omnibu’
403 1155 468 1207 sunt
480 1163 497 1205 e
509 1144 621 1208 levibus
633 1157 718 1226 atque
729 1147 874 1224 rutundis,

130 1239 224 1290 utnon
236 1248 304 1290 esse
315 1239 407 1290 tamen
418 1228 564 1308 perplexis
578 1229 756 1309 indupedita,

65 1323 119 1379 too
129 1330 258 1391 pungere
269 1314 309 1392 uti
320 1314 432 1391 possint
444 1328 549 1390 conpos
561 1323 771 1391 penetrareque
782 1330 867 1391 sese,

130 1413 184 1456 nec
197 1406 291 1456 tamen
303 1395 422 1455 haerere
436 1397 552 1456 intense
565 1394 642 1474 quod
653 1412 774 1475 cumque
785 1395 913 1458 videmus

129 1481 223 1539 ventis
237 1497 305 1539 esse
316 1478 425 1556 datum,
438 1477 523 1538 facile
535 1487 566 1538 ut
580 1495 761 1558 cognoscere
772 1482 868 1560 possis

130 1580 187 1622 non
199 1581 216 1622 e
230 1561 380 1641 perplexis
391 1560 444 1622 sed
455 1563 546 1624 acutis
558 1581 626 1624 esse
640 1562 799 1626 elementis.

130 1645 182 1707 sed
197 1646 273 1725 quod
284 1662 375 1706 amara
386 1644 467 1707 vides
479 1645 578 1707 eadem
592 1664 664 1726 quoe
678 1646 780 1708 lluvidi
796 1657 941 1726 constant,

66 1740 118 1796 tot
131 1729 218 1791 sudor
231 1730 271 1791 uti
281 1731 364 1790 maris
380 1738 443 1807 est,
456 1731 567 1791 minime
578 1730 706 1792 mirabile
719 1731 805 1791 debet

129 1913 191 1957 nam
204 1895 280 1974 quod
292 1891 411 1957 lluvidus
424 1906 485 1975 est,
498 1916 515 1958 e
527 1897 639 1959 levibus
649 1908 734 1978 atque
745 1899 872 1961 rutundis

131 1990 189 2055 est,
202 1987 232 2041 et
244 1982 390 2058 squalida
402 1990 472 2041 eunt
482 1981 543 2041 illia
551 1981 673 2043 admixta
684 1981 791 2044 doloris

131 2079 261 2141 corpora.
281 2081 336 2124 nec
349 2073 441 2124 tamen
453 2064 525 2124 haec
535 2066 651 2124 retineri
662 2064 771 2125 hamata
780 2077 975 2128 necessumst:

130 2144 243 2207 scilicet
254 2164 322 2207 esse
336 2146 457 2224 globosa
470 2155 578 2224 tamen,
595 2164 658 2207 curn
675 2147 802 2226 squalida
815 2157 965 2226 constent,

66 2239 119 2295 llo
132 2228 264 2309 provolvi
276 2229 358 2290 simul
372 2238 403 2290 ot
417 2230 527 2310 possint
543 2240 572 2291 et
583 2229 699 2292 laedere
710 2249 822 2292 sensus.

129 2323 159 2375 et
172 2330 229 2393 quo
243 2315 328 2374 mixta
340 2323 424 2393 putes
436 2315 525 2393 magis
539 2331 641 2394 aspera
652 2313 763 2376 levibus
776 2334 844 2376 esse

130 2398 293 2477 principiis,
307 2398 381 2459 unde
394 2407 440 2459 cst
451 2396 575 2477 Neptuni
587 2415 692 2479 corpus
705 2401 856 2478 acerbum,

130 2489 174 2542 est
186 2483 256 2542 ratio
270 2482 440 2543 secernendi
451 2498 639 2563 seorsumque
653 2483 781 2545 ridendi:

128 2564 229 2643 linquit
241 2566 314 2625 enlm
325 2583 429 2645 supera
443 2569 524 2627 taetri
534 2567 685 2646 primordia
698 2569 751 2626 riri

34 2715 41 2728 ,
65 2656 118 2712 475
130 2664 210 2707 umor
220 2647 327 2727 dnlcis,
339 2650 387 2709 nbi
399 2666 453 2728 per
466 2660 556 2712 terras
568 2651 696 2712 crebrius
710 2650 785 2712 idem

129 2729 308 2810 percolatur,
321 2734 389 2792 utin
403 2732 515 2791 loveam
527 2732 594 2793 llnat
604 2751 638 2793 ac
649 2742 847 2809 mansuescat,

128 2831 230 2893 aspera
242 2831 299 2893 qno
309 2816 399 2891 magis
409 2815 437 2874 in
449 2816 533 2874 terris
545 2815 717 2876 haerescere
729 2818 848 2895 possint.

171 2896 254 2971 Quod
267 2899 396 2977 qnoniam
407 2896 508 2975 docui,
524 2915 640 2977 pergam
652 2907 807 2959 conectere
822 2916 881 2958 rem
894 2916 966 2978 quoe

129 3001 166 3043 ex
177 2982 234 3041 hoo
244 2990 309 3060 apta
324 2980 407 3042 fldem
421 2979 520 3060 ducat,
533 2982 685 3061 primordia
696 3000 790 3042 rerum

66 3075 118 3130 {80
130 3066 205 3126 linita
217 3067 325 3125 varime
338 3065 488 3142 figurarum
502 3068 619 3126 ratione.

129 3149 205 3229 quod
219 3151 243 3209 si
254 3167 309 3209 non
322 3150 358 3209 lta
371 3151 424 3227 sit,
436 3167 546 3211 rursum
557 3151 611 3209 iam
621 3150 728 3210 semine
741 3149 876 3228 quaedam

129 3253 196 3295 esse
208 3234 313 3294 inlinito
330 3233 474 3293 debebunt
487 3235 616 3312 corporis
627 3241 720 3294 auctu.

128 3335 248 3396 namque
263 3316 362 3378 eadem
374 3319 455 3378 unlus
469 3317 593 3377 cuiusvis
605 3317 633 3375 in
649 3317 787 3377 brevitate

129 3402 258 3480 corporis
272 3402 345 3460 inter
356 3419 389 3462 se
400 3399 516 3461 multum
528 3402 635 3461 vorime
650 3400 755 3478 figurae

64 3493 114 3549 485
125 3502 180 3545 non
193 3491 322 3565 possunt.
336 3483 380 3546 iac
395 3486 470 3545 enim
479 3486 598 3545 minimis
610 3503 627 3545 e
640 3484 766 3564 partibus
781 3502 849 3545 esse
