2340 3854
518 193 568 254 iv.

120 361 179 440 illi,
194 363 239 422 cui
249 379 337 424 suave
349 372 413 440 est,
425 360 572 424 levissima·
582 377 705 440 corpora
715 360 822 422 debent

125 444 367 507 contractabiliter
379 444 474 506 caulas
487 447 592 506 intrare
603 443 708 524 palati,

123 540 152 590 at
164 538 262 590 eontra
276 529 378 608 quibus
390 539 435 591 est
447 528 547 589 eadem
557 547 606 589 res
618 530 693 588 intus
704 529 825 607 acerba,

59 623 114 679 660
125 630 245 692 aspera,
256 614 401 689 nimirum,
414 620 564 690 penetrant
574 611 741 688 hamataque
752 613 861 675 fauces.

123 715 198 757 nunc
209 696 296 758 facile
310 705 355 756 est
366 713 404 756 ex
414 694 458 754 his
469 695 557 754 rebus
570 711 752 770 cognoscere
763 713 909 776 quaeque:

125 782 249 860 quippe,
261 779 310 839 ubi
324 780 370 839 cui
380 778 470 838 febris
483 777 533 838 biii
543 785 697 856 superante
710 788 809 838 coorta
819 791 865 840 est

124 873 172 925 aut
183 863 357 924 adiuratione
371 861 493 941 aliquast
504 863 548 922 vis
560 863 654 922 excita
663 862 773 940 morbi,

124 947 307 1028 perturbatur
318 947 357 1007 ibi
368 947 422 1006 iam
433 955 523 1008 totum
537 962 662 1024 corpus,
679 955 709 1007 ct
720 963 819 1009 omnes

59 1041 112 1098 665
124 1039 329 1093 commutantur
339 1030 378 1090 ibi
389 1032 534 1110 positurae
545 1031 763 1109 principiorum

124 1127 155 1177 ut
166 1118 245 1196 prius
256 1115 292 1175 ad
303 1133 419 1176 sensum
430 1133 503 1195 quae
515 1131 637 1192 corpora
648 1116 854 1176 conveniebant

48 1224 53 1238 ¹
125 1219 200 1261 nunc
210 1217 267 1260 non
280 1201 466 1277 conveniant,
479 1208 508 1260 et
521 1208 619 1258 cetera
631 1198 686 1257 sint
697 1198 787 1275 magis
798 1209 880 1277 apta,

127 1302 200 1365 quae
211 1292 358 1362 penetrata
369 1291 476 1362 queunt
487 1299 603 1342 sensum
614 1280 790 1358 progignere
801 1282 944 1342 acerbum.

125 1626 246 1695 utraque
258 1617 332 1675 enim
343 1624 408 1676 sunt
419 1615 446 1674 in
456 1613 551 1676 mellis
563 1618 711 1676 commixta
721 1634 840 1695 sapore;

61 1709 115 1766 670
125 1701 154 1761 id
167 1700 244 1779 quod
256 1701 311 1760 iam
323 1716 429 1779 supera
439 1699 491 1759 tibi
506 1717 597 1778 saepo
608 1700 782 1760 ostendimus
792 1711 867 1761 ante.

169 1782 252 1844 Nunc
264 1802 336 1862 age,
349 1801 406 1863 quo
416 1792 502 1862 pacto
513 1785 589 1846 naris
604 1783 733 1846 adiectos
744 1784 841 1845 odoris
928 1790 939 1809 '

128 1878 223 1946 tangat
233 1886 323 1946 agam.
337 1869 456 1947 primum
466 1886 515 1928 res
526 1867 628 1929 multas
639 1887 706 1931 esse
718 1878 871 1930 necessest

127 1951 201 2012 unde
215 1951 306 2012 iiuens
318 1951 415 2012 volvat
425 1953 520 2012 varius
531 1971 564 2013 se
575 1951 679 2013 ductus
691 1952 827 2028 odorum,

126 2045 156 2098 et
167 2034 257 2094 fluere
269 2045 299 2095 et
309 2036 382 2094 mitti
396 2033 485 2110 volgo
498 2037 653 2113 spargique
666 2034 860 2113 putandumst:

61 2128 114 2186 bib
126 2136 227 2179 verum
239 2117 302 2178 aliis
313 2117 385 2177 alius
397 2119 487 2193 magis
500 2125 546 2176 est
558 2117 742 2177 animantibus
753 2127 854 2195 aptus,

127 2201 273 2264 dissimilis
284 2209 405 2279 propter
416 2200 530 2260 formas.
541 2200 665 2279 ideoque
681 2218 827 2279 peranras

127 2285 222 2347 mellis
235 2303 306 2364 apes
319 2284 446 2363 quamvis
457 2283 545 2362 longe
556 2283 696 2345 ducuntur
707 2284 812 2362 odore,
886 2322 891 2329 ·

127 2370 301 2449 volturiique
314 2367 513 2432 cadaveribus:
529 2378 586 2429 tum
598 2369 664 2431 iissa
676 2369 799 2430 ferarum

127 2453 234 2534 ungula
245 2471 302 2533 quo
313 2452 410 2514 tulerit
420 2471 553 2532 gressum
564 2455 703 2533 permissa
714 2472 814 2515 canum
826 2456 868 2516 vis

63 2548 118 2604 680
129 2539 223 2616 ducit,
237 2548 266 2599 et
276 2538 424 2599 humanum
434 2538 522 2616 longe
534 2541 690 2618 praesentit
701 2538 819 2602 odorem

129 2622 339 2683 Romulidarum
349 2624 424 2682 arcis
438 2631 585 2699 servator,
598 2624 733 2684 candidus
744 2642 837 2685 anser.

130 2709 174 2768 sic
185 2705 248 2768 aliis
260 2705 332 2767 alius
343 2705 426 2765 nidor
437 2705 518 2765 datus
529 2704 565 2765 ad
576 2724 628 2766 sua
639 2724 781 2785 quemque

129 2789 232 2870 pabula
244 2790 321 2851 ducit
333 2798 363 2849 et
374 2807 390 2848 a
401 2798 476 2848 tetro
490 2787 602 2849 resilire
614 2806 728 2849 veneno

129 2876 331 2954 cogit,eoque
343 2872 428 2933 modo
440 2881 590 2934 servantur
600 2871 697 2932 saecla
708 2872 840 2932 terarum.

64 2966 117 3022 685
172 2957 225 3018 Hic
238 2958 309 3018 odor
319 2960 383 3036 ipse
398 2957 500 3035 igitur,
511 2957 587 3016 naris
599 2957 771 3035 quicumque
782 2954 917 3031 lacessit,

131 3052 176 3103 est
187 3042 243 3102 aiio
254 3051 284 3102 ut
296 3043 390 3121 possit
400 3044 525 3121 permitti
538 3040 652 3118 longius
664 3039 752 3101 aiter:

129 3126 181 3185 sed
193 3136 285 3187 tamen
297 3125 371 3186 baud
381 3127 530 3205 quisquam
541 3135 597 3185 tam
608 3123 696 3202 longe
708 3122 799 3183 fertur
809 3139 906 3184 eorum

131 3228 213 3288 quam
224 3213 352 3288 sonitus,
366 3227 448 3289 quam
462 3227 535 3287 uox,
548 3210 628 3269 mitto
639 3210 693 3268 iam
706 3207 804 3269 dicere
817 3225 899 3287 mam
909 3227 959 3270 res

131 3312 204 3373 quae
216 3294 320 3354 ieriunt
333 3293 481 3366 oculorum
491 3295 570 3355 acies
581 3293 730 3371 visumque
741 3290 895 3355 lacessunt.

64 3387 118 3443 690
129 3377 305 3439 errabundus
317 3380 392 3439 enim
402 3377 482 3438 tarde
495 3378 590 3454 venit,
603 3394 637 3437 ao
650 3377 725 3455 perit
735 3386 801 3439 anto

130 3461 265 3542 paulatim
279 3461 371 3523 facilis
384 3462 536 3523 distractus
547 3462 575 3520 in
586 3462 661 3521 airis
674 3478 771 3531 aurosa
