2340 3922
636 201 648 261 1

219 377 324 429 tantum
335 367 438 444 religio
450 367 542 445 potuit
553 366 673 429 suadere
686 365 830 427 maiorum.

263 450 393 511 Tutemet
404 468 420 509 a
431 451 513 510 nobis
526 452 579 510 iam
591 452 692 530 quovis
708 459 837 530 tempore
849 460 943 511 vatum

219 533 383 611 terriloquis
394 535 488 594 vietus
501 533 584 594 dietis
596 535 764 594 desciscere
776 551 907 612 quaeres.

220 619 327 697 quippe
339 618 443 676 etenim
455 635 537 695 quam
548 617 633 678 multo
643 618 694 678 tibi
704 618 759 677 iam
770 618 878 696 fingere
890 629 1011 697 possunt

154 714 204 766 105
221 702 345 778 somnia,
359 718 433 780 qnae
444 704 520 762 vitae
530 704 655 762 rationes
667 711 781 762 vomere
792 704 904 781 possint

220 785 405 863 fortunasque
416 794 477 845 tuas
490 788 581 846 omnis
594 786 707 847 turbare
718 784 835 847 timore!

220 878 249 929 et
260 870 377 930 merito:
389 886 451 927 nam
462 871 487 931 si
499 879 605 930 certam
617 870 700 928 tinem
712 887 779 930 esse
790 870 920 931 riderent

219 970 411 1013 aerumnarum
423 952 569 1030 homines,
581 952 674 1030 aliqua
684 954 793 1012 ratione
805 953 933 1014 valerent

220 1036 408 1114 religionibus
419 1044 505 1114 atque
516 1038 598 1096 minis
610 1037 754 1096 obsistere
766 1046 875 1097 vatum:

158 1132 209 1183 rto
222 1139 296 1180 nuno
307 1121 377 1179 ratio
388 1118 465 1178 nulla
476 1128 522 1180 est
531 1118 656 1181 restandi
666 1164 674 1197 ,
686 1118 911 1197 nullataenus,

220 1213 351 1264 aeternas
363 1204 493 1281 quoniam
504 1220 612 1281 poenas
625 1205 653 1261 in
664 1211 754 1262 morte
765 1202 953 1263 timendumst.

221 1290 367 1365 ignoratur
378 1288 452 1346 enim
464 1304 536 1364 quae
548 1289 585 1347 sit
596 1296 693 1345 natura
705 1287 821 1364 animai,

220 1381 284 1431 nata
295 1373 347 1448 sit,
359 1388 394 1429 an
407 1379 504 1430 eontra
515 1371 697 1432 nascentibus
709 1371 882 1448 insinuetur,

222 1464 252 1516 et
263 1454 345 1516 simul
356 1456 476 1514 intereat
487 1455 637 1514 nobiseum
647 1463 738 1514 morte
751 1454 905 1533 dirempta,

159 1550 208 1602 115
222 1557 258 1599 an
269 1537 402 1599 tenebras
415 1535 483 1597 Oroi
494 1539 567 1599 visat
578 1548 730 1616 vastasque
742 1537 875 1614 lacunas,
960 1551 962 1555 ·

221 1642 256 1683 an
269 1620 397 1701 pecudes
410 1620 478 1680 alias
491 1622 621 1682 divinitus
633 1622 755 1681 insinuet
768 1641 818 1698 se,

222 1706 330 1766 Ennius
342 1715 372 1766 ut
384 1715 483 1766 noster
495 1707 616 1783 oeoinit,
631 1706 678 1783 qui
692 1706 797 1784 primus
808 1721 927 1764 amoeno
944 1717 946 1720 ⁴

224 1789 323 1851 detulit
335 1808 372 1849 ex
382 1788 521 1850 Helicone
533 1792 652 1869 perenni
664 1788 763 1849 fronde
777 1806 926 1865 eoronam,

223 1892 277 1953 per
290 1875 385 1950 gentis
398 1872 481 1933 Italas
494 1874 634 1933 hominum
647 1890 719 1952 quae
733 1872 807 1932 niara
823 1871 948 1940 olueret;

158 1969 209 2021 120
223 1960 277 2020 etsi
290 1965 438 2036 praeterea
448 1966 541 2018 tamen
556 1977 623 2018 esse
635 1956 794 2017 Acherusia
808 1955 914 2034 templa

222 2042 330 2102 Ennius
341 2043 465 2103 aeternis
477 2044 593 2122 exponit
604 2041 735 2101 versibus
747 2039 854 2118 edens,

224 2144 281 2206 quo
296 2144 389 2205 neque
401 2135 583 2204 permaneant
594 2127 701 2185 animae
713 2143 807 2202 neque
820 2141 942 2202 corpora
953 2132 1066 2199 nostra,

225 2210 277 2272 sed
289 2209 426 2288 quaedam
437 2209 586 2271 simulacre
595 2207 686 2269 modis
698 2207 833 2287 pallentia
843 2209 935 2276 miris;

225 2294 299 2354 unde
311 2295 366 2354 sibi
378 2303 504 2352 exortam
515 2310 631 2370 semper
642 2291 769 2351 florentis
780 2291 895 2350 Homeri

160 2388 210 2440 125
226 2384 425 2439 commemorat
436 2378 564 2454 speeiem
576 2374 704 2434 lacrimas
716 2373 862 2433 effundere
877 2373 968 2433 salsas

226 2463 361 2540 coepisse
379 2468 408 2519 et
418 2477 513 2519 rerum
525 2467 649 2518 natumm
660 2456 821 2536 expandere
834 2455 926 2517 dietis.

226 2563 280 2624 que
291 2552 411 2623 propter
422 2543 496 2603 bene
509 2561 572 2603 eum
584 2542 696 2620 superis
708 2540 745 2600 de
755 2542 842 2601 rebus
854 2538 983 2600 habenda

225 2629 308 2689 nobis
321 2637 366 2688 est
377 2628 466 2704 ratio,
482 2625 552 2686 solis
564 2624 704 2704 lunaeque
716 2635 824 2685 meatus

226 2730 281 2791 qua
292 2711 357 2771 fiant
368 2712 494 2788 mtione,
507 2719 536 2771 et
548 2711 642 2788 quavi
659 2727 789 2788 quaeque
801 2716 935 2786 gerantur

163 2796 368 2873 montenis,
382 2804 439 2855 tum
452 2796 622 2874 cumprimis
635 2796 743 2853 ratione
756 2794 852 2871 sagaci

227 2879 301 2940 unde
312 2882 400 2939 anima
411 2889 495 2959 atque
507 2880 589 2938 animi
602 2887 714 2938 constet
727 2888 824 2939 natura
833 2874 1001 2951 ridendum,

227 2975 256 3025 et
267 2982 340 3044 quae
352 2981 400 3024 res
412 2965 494 3024 nobis
506 2961 688 3041 vigilantibus
700 2962 784 3021 obvia
793 2968 904 3019 mentes

227 3049 364 3109 terrificet
377 3049 477 3108 morbo
489 3047 609 3107 adiectis
620 3061 777 3122 somnoque
788 3041 926 3120 sepultis,

228 3151 348 3197 eernere
360 3134 399 3191 uti
409 3131 553 3192 videamur
566 3146 618 3190 eos
630 3127 785 3205 audireque
799 3143 911 3201 eoram,

164 3225 214 3279 135
228 3227 319 3277 morte
331 3216 407 3275 obita
418 3233 537 3293 quorum
552 3212 638 3274 tellus
650 3209 830 3288 amplectitur
845 3226 920 3269 ossa.
990 3251 992 3257 ι

267 3298 331 3360 Neo
342 3316 386 3359 me
398 3300 480 3357 animi
492 3296 564 3357 iallit
578 3295 723 3356 Graiorum
734 3295 857 3353 obseura
868 3303 982 3370 reperta
1079 3288 1100 3329 ⁶

228 3381 343 3442 difficile
355 3380 504 3441 inlustrare
515 3379 618 3440 Latinis
629 3379 761 3439 versibus
773 3394 858 3454 esse,

227 3465 313 3525 multa
323 3465 404 3525 novis
416 3463 513 3525 verbis
526 3465 693 3543 praesertim
707 3478 770 3521 eum
782 3462 818 3520 sit
828 3459 968 3538 agendum
