2340 3922
134 226 198 293 150
618 221 645 280 V

218 401 371 474 propterea
384 391 450 470 qula
459 405 533 468 quae
546 386 582 449 de
593 388 762 448 terrisonus
773 404 887 465 quoque
898 387 1040 450 abundant

218 476 368 536 herbarum
378 490 485 550 genera
499 488 533 531 ac
546 469 646 546 fruges
658 470 828 548 arbustaque
842 470 918 530 laeta

218 568 378 619 nontamen
389 557 462 616 iuter
473 572 506 615 se
518 563 639 632 possunt
651 551 801 632 complexa
812 556 920 630 creari,

155 651 207 706 mo
219 640 271 703 sed
283 640 327 700 vis
339 656 468 718 quaeque
480 654 533 698 suo
544 638 598 697 ritu
610 635 757 715 pmcedit‚
773 645 802 696 ct
813 652 912 697 omnes

218 723 337 785 loedere
347 729 462 783 naturae
474 729 555 782 certo
566 718 725 780 discrimina
735 728 858 780 seruant.

259 806 297 866 At
311 822 402 883 genus
414 804 561 865 humanum
572 801 660 862 multo
671 802 723 863 luit
736 800 845 862 illudio
855 804 931 862 arvis

218 888 331 965 durius,
344 897 374 948 ut
387 886 497 962 decuit,
511 885 599 946 tellus
609 884 686 964 quod
697 884 765 945 dura
776 894 921 963 creasset,

219 981 248 1032 et
258 970 408 1030 naiorlbus
419 978 448 1030 et
462 967 561 1029 solidis
572 969 661 1045 magis
673 969 787 1029 ossibus
798 970 872 1028 intus

156 1063 207 1116 925
218 1051 376 1129 fundatum,
388 1050 489 1112 ualidis
500 1059 595 1130 aptum
605 1054 781 1129 perviscera
791 1053 905 1128 nervis,

218 1154 273 1196 nec
284 1134 369 1195 facile
380 1152 418 1195 ex
427 1145 509 1195 aestu
521 1152 576 1194 nec
590 1133 697 1211 lligore
708 1133 784 1212 quod
796 1143 962 1213 caperetur,

219 1237 274 1279 nec
285 1220 409 1278 novitate
425 1218 481 1278 cibi
491 1215 613 1278 neclabi
624 1219 754 1296 corporis
765 1215 832 1277 ulla.

218 1300 360 1380 multaque
375 1319 428 1380 per
438 1297 628 1363 caelum'solis
639 1300 782 1362 volventia
791 1299 879 1361 lustra

218 1384 371 1462 volgivago
381 1387 467 1444 vitam
476 1384 632 1446 tractabant
643 1402 722 1445 morc
733 1383 863 1446 lcramm.

154 1476 207 1531 930
217 1486 272 1528 neo
283 1468 417 1528 robustus
429 1476 490 1528 erat
501 1469 579 1528 curvi
588 1466 750 1528 moderator
759 1468 842 1528 aratri

216 1548 974 1712 llilldaliiidililii-liiiionn

218 1716 365 1777 arboribus
375 1725 492 1777 veteres
507 1715 641 1776 decidere
654 1715 767 1776 lalclbu'
779 1733 881 1776 ramos.

218 1798 294 1876 quod
304 1797 349 1858 sol
360 1806 445 1876 atque
456 1798 561 1858 imbres
573 1796 724 1875 dederant,
736 1797 813 1876 quod
826 1807 900 1858 terra
913 1807 1022 1860 crearat

154 1891 204 1945 935
218 1890 322 1961 sponte
333 1897 400 1957 sua,
413 1880 481 1940 satis
493 1879 520 1940 id
534 1879 663 1959 placabat
674 1890 792 1958 pectora
806 1880 919 1941 donum.

217 1963 388 2042 glandiferae
398 1964 472 2022 inter
483 1964 615 2024 curabant
626 1980 746 2043 corpora
758 1981 881 2042 quercus

216 2047 399 2126 plerumque:
411 2054 441 2106 ct
452 2063 526 2126 quac
536 2064 610 2106 nunc
621 2046 740 2107 hiberno
751 2055 881 2127 tempore
894 2048 988 2108 cernis

216 2131 304 2191 arbita
314 2131 439 2210 puniceo
449 2130 510 2191 llari
522 2139 626 2190 matura
639 2130 754 2207 colore,

216 2213 334 2291 plurima
344 2223 403 2274 tum
413 2213 499 2274 tellus
510 2215 594 2273 ctiam
604 2215 708 2274 maiora
718 2212 839 2273 ferebat.

154 2305 206 2359 940
216 2295 358 2374 multaque
370 2307 519 2375 praeterea
530 2299 639 2358 novitas
649 2306 707 2357 tum
718 2295 816 2356 dorida
826 2296 920 2357 mundi

216 2378 321 2457 pabula
333 2378 490 2456 donatuli,
504 2380 614 2439 miseris
626 2378 790 2440 mortalibus
802 2379 902 2459 ampla.

216 2471 244 2521 at
254 2461 355 2521 sedare
366 2463 440 2521 sitim
452 2460 528 2520 duvii
540 2462 692 2541 fontesque
701 2461 856 2538 vocabant,

216 2553 246 2604 ut
257 2561 331 2603 nunc
342 2544 481 2604 montibus
493 2561 510 2603 e
521 2545 628 2620 magnis
640 2545 777 2604 decursus
787 2546 870 2623 aquei

216 2625 354 2703 clarigitat
367 2625 423 2687 lata
435 2627 557 2687 sitientia
567 2626 664 2688 saecla
672 2627 803 2688 lcrarum.

150 2718 202 2773 945
216 2709 337 2788 denique
348 2720 414 2770 nota
426 2712 489 2788 vagi
500 2709 643 2771 silvestria
656 2710 763 2792 templa
773 2713 908 2774 tenebant

213 2793 411 2873 nympharum,
426 2794 528 2873 quibus
539 2813 556 2855 e
568 2795 678 2857 scibant
688 2797 786 2868 umcri’
803 2795 907 2857 liuenta

213 2877 322 2937 lubrica
333 2876 462 2957 proluvie
475 2877 553 2955 larga
567 2876 663 2940 lavere
674 2879 765 2939 umida
776 2896 861 2957 saxa,

214 2958 398 3038 umidarum,
414 2978 502 3040 super
512 2962 593 3020 viridi
605 2961 738 3022 stillantia
751 2979 868 3038 musco,

213 3052 242 3101 ct
253 3045 353 3120 partim
362 3043 447 3122 plano
462 3052 575 3104 scatere
586 3053 672 3121 atque
683 3061 834 3120 erumpere
849 3059 958 3121 campo.

149 3133 201 3187 950
214 3123 335 3183 necdum
345 3144 393 3186 res
405 3128 463 3204 igni
475 3126 586 3187 scibant
595 3137 716 3187 tractare
728 3143 822 3202 neque
834 3125 874 3184 uti

212 3203 336 3286 pellibus
348 3215 377 3267 et
389 3209 490 3286 spolils
503 3229 609 3289 corpus
619 3211 726 3270 vestire
738 3208 877 3283 ferarum,

211 3286 265 3351 sed
275 3306 389 3349 nemora
400 3300 484 3369 atque
496 3310 583 3354 cavos
597 3294 699 3354 montis
712 3291 856 3366 silvasque
871 3287 1023 3373 colebant,

212 3381 241 3432 et
253 3370 369 3432 frutices
381 3373 454 3433 inter
466 3375 624 3438 condebant
636 3373 763 3454 squalida
773 3372 915 3451 membra,

211 3454 333 3516 vcrbcra
343 3463 491 3516 ventomm
502 3460 592 3519 utare
603 3459 761 3537 imbrisque
773 3456 875 3516 coacti.
