2340 3854
569 197 582 258 1

158 368 243 430 multa
258 365 491 429 elementarium
503 366 599 428 multis
612 368 769 428 communia
782 366 897 444 verbis,

93 462 145 516 885
157 470 221 513 cum
231 461 322 513 tamen
335 450 410 513 inter
420 470 454 512 se
465 468 567 512 versus
579 469 614 511 ac
624 451 713 511 verba
723 460 877 512 necessest

160 536 314 597 confiteare
325 543 355 596 ei
365 553 397 595 re
409 543 439 595 et
451 537 545 597 sonito
557 534 662 596 distare
674 536 794 595 sonanti.
833 590 838 598 .

157 628 263 681 tautum
274 618 417 680 elementa
429 627 535 697 queunt
547 627 707 697 permutato
719 617 818 679 ordine
830 617 912 679 solo:

158 713 185 765 51
197 722 292 765 rerum
305 721 377 782 quae
389 710 454 763 sunl
465 701 632 781 primordia,
646 701 728 781 plura
739 701 875 764 adhibere

158 796 279 868 possunt
289 786 364 847 unde
376 794 479 864 queam
490 786 585 847 uariae
601 803 650 847 res
662 803 792 866 quaeque
805 788 904 847 creari.

94 880 147 936 880
197 869 281 932 Nunc
292 879 323 931 ei
332 870 519 948 Anaxagome
531 879 690 931 semlemur
701 868 930 931 homoeomerian

159 973 242 1034 quam
253 952 319 1015 Grai
329 962 484 1015 memorant
493 972 550 1014 noo
561 962 658 1014 nostra
669 953 766 1014 dicere
777 951 872 1033 lingua

159 1037 630 1117 555551115011555111551155515
642 1045 774 1116 egestas,

157 1121 210 1184 sed
220 1132 313 1183 tamen
329 1124 419 1202 ipsam
430 1139 491 1182 rem
502 1119 616 1183 facilest
627 1139 773 1200 exponere
785 1123 891 1183 verbis.

158 1207 316 1286 principio,
328 1222 423 1266 rerum
434 1223 520 1284 quom
533 1206 601 1265 dicit
611 1205 860 1283 homoeomerian,

94 1298 146 1354 885
158 1307 242 1368 5555,
254 1289 408 1367 videlicet,
421 1309 438 1349 e
450 1288 582 1368 pauxillis
593 1298 679 1365 atque
690 1290 803 1349 minutis

159 1373 273 1435 ossibus
284 1373 331 1433 hic
346 1382 374 1433 51
386 1373 422 1433 de
434 1371 566 1451 pauxillis
578 1380 663 1449 atque
674 1373 787 1433 minutis

157 1457 317 1518 visceribus
330 1458 427 1516 viscus
439 1457 518 1534 gigni
531 1473 717 1533 sanguenque
732 1459 822 1516 creari

158 1541 302 1618 sanguinis
317 1541 391 1600 inter
404 1559 437 1600 se
450 1538 545 1600 multis
558 1538 721 1599 coeuntihu’
732 1542 819 1618 guttis

158 1643 194 1685 ex
203 1625 320 1703 aurique
333 1632 411 1703 putat
421 1623 503 1685 micis
519 1624 678 1684 consistere
689 1641 778 1702 posse

95 1718 148 1772 840
157 1727 255 1770 aurum
266 1718 295 1769 51
308 1708 343 1767 de
355 1709 439 1769 terris
454 1717 557 1768 terram
570 1724 762 1768 concrescere
773 1711 888 1788 parvis,

158 1792 271 1870 ignibus
284 1809 321 1852 ex
332 1793 422 1869 ignis,
435 1808 562 1852 umorem
573 1792 716 1852 umoribus
729 1810 814 1870 esse,

159 1885 256 1937 cetera
270 1874 408 1936 consimili
418 1877 497 1954 lingit
508 1877 618 1936 ratione
628 1883 774 1955 putatque,
850 1927 854 1936 .

157 1978 213 2021 nec
225 1969 317 2020 lamen
329 1978 396 2020 esse
408 1958 466 2019 ulla
476 1959 550 2020 idem
562 1976 599 2018 ex
611 1968 691 2037 parts
703 1961 731 2018 in
742 1960 829 2020 rebus
839 1962 922 2020 inane

159 2042 310 2121 concedit,
322 2060 417 2120 neque
430 2042 601 2120 corporibus
613 2042 697 2101 linem
709 2060 777 2102 esse
788 2042 930 2104 secandis.

94 2135 146 2190 845
159 2145 245 2206 quare
257 2127 414 2202 inutraque
426 2125 492 2184 milui
503 2126 610 2204 pariter
619 2126 728 2184 ratione
739 2126 851 2186 uidetur

159 2227 254 2272 errare
265 2217 350 2288 alque
362 2209 403 2269 illi
413 2254 421 2285 ,
433 2226 519 2288 supra
531 2224 603 2287 quos
619 2207 737 2269 drumm
749 2219 823 2269 ante.

158 2294 230 2355 adde
245 2293 320 2371 quod
332 2291 467 2367 inbecilla
479 2293 560 2354 nimis
571 2291 722 2372 primordia
733 2293 812 2372 fingit
819 2316 826 2364 ;

158 2380 182 2440 si
193 2377 344 2458 primordia
355 2386 439 2456 suni,
452 2375 535 2438 simili
547 2395 619 2455 quas
630 2375 757 2456 praedita
769 2389 898 2440 constant

155 2471 253 2523 natura
263 2471 348 2541 alque
361 2463 441 2542 ipsae
452 2479 501 2523 res
512 2470 577 2522 suni
587 2506 596 2539 ,
608 2479 757 2540 aequeque
770 2461 897 2525 laborant

92 2554 146 2610 850
156 2556 186 2607 51
196 2556 333 2625 pereunt,
346 2564 440 2625 neque
452 2545 487 2606 ab
500 2547 587 2607 exitio
597 2563 646 2607 res
658 2545 715 2605 ulla
725 2546 860 2608 refrenat.

157 2647 219 2690 nam
230 2629 297 2707 quid
308 2631 335 2688 in
346 2647 488 2708 oppressu
500 2627 593 2690 valido
604 2629 713 2690 durabit
725 2648 839 2708 eorum,

157 2722 187 2772 ui
198 2722 318 2772 mortem
329 2711 462 2790 effugiat,
478 2713 529 2772 1511
542 2713 594 2774 sub
605 2712 736 2774 uentibus
747 2712 840 2793 ipsis?

156 2797 246 2874 ignis,
260 2812 295 2854 an
305 2812 402 2872 nmor,
414 2813 449 2854 an
460 2793 547 2855 anmi
560 2795 627 2874 quid
638 2794 758 2856 lrornmi
775 2815 920 2876 sanguen,
937 2817 972 2859 an
986 2794 1074 2860 ossa?

156 2879 212 2958 nil,
225 2890 255 2940 ui
267 2880 386 2959 opinor,
399 2878 447 2939 ubi
459 2896 496 2939 ex
507 2896 600 2959 aequo
610 2896 659 2939 res
670 2878 795 2941 funditus
807 2883 897 2943 omnis

92 2972 143 3028 855
155 2973 212 3026 tam
222 2963 348 3024 mortalis
360 2964 414 3024 orit
426 2981 508 3043 mum
519 2981 591 3042 quae
602 2964 749 3024 manifesta
759 2964 886 3027 videmus

156 3067 193 3110 ex
204 3045 295 3110 oculis
307 3049 412 3109 nostris
424 3046 555 3126 eliquari
570 3049 645 3108 viem
655 3049 760 3128 perire.

156 3143 184 3194 51
194 3150 289 3211 neque
301 3131 451 3193 reccidere
461 3131 496 3192 ad
508 3130 594 3191 nilum
604 3150 652 3193 ros
664 3148 753 3211 posse
764 3150 859 3213 neque
870 3143 963 3196 aulem

156 3234 292 3277 crescere
304 3216 339 3277 de
351 3215 409 3276 nilo
420 3225 514 3277 testor
522 3235 570 3277 res
582 3225 647 3277 ante
658 3216 801 3296 probatas.

154 3309 304 3381 pmeleren
315 3301 446 3381 quoniam
458 3300 539 3362 cibus
549 3309 636 3379 auget
647 3317 752 3381 corpus
764 3299 886 3382 alisque,

90 3390 144 3447 880
154 3385 229 3445 scire
240 3383 310 3446 11551
321 3384 403 3445 nobis
416 3401 503 3445 venas
516 3392 545 3445 51
557 3402 684 3464 sanguen
695 3394 723 3446 51
738 3403 803 3447 5555
