2340 3854
141 237 171 279 ιν
202 285 209 290 .
523 216 739 275 PRAEFATIO.

142 386 221 460 quod
235 387 283 458 qui
300 403 365 444 eum
383 386 511 443 exaravit
527 384 555 440 in
571 386 726 458 exemplari
739 401 791 441 suo
809 386 959 442 stitteram
976 403 1062 459 supra
1074 405 1144 460 pro·

141 473 182 528 dit
191 471 323 543 scriptam
335 470 468 543 repperit,
480 469 528 525 ubi
539 485 570 524 re
577 485 648 525 vera
660 469 819 526 etiamnunc
827 485 844 525 a
853 477 1012 527 correctore
1025 473 1145 543 ascripta

143 560 235 611 exstat
246 556 274 610 in
289 553 449 627 Quadrato,
469 558 514 621 ut,
531 553 608 624 quod
623 554 760 609 sententia
774 554 912 627 postulat,
931 553 1066 610 efficiatur
1074 573 1146 628 pro·

142 641 210 696 dito.
253 638 286 693 Id
304 655 375 694 vero
397 637 465 709 quid
486 637 650 700 sibivsllct
670 651 734 699 cum
752 651 810 694 non
828 638 997 710 intelligeret
1017 639 1147 695 librarius

144 722 280 794 Oblongi,
303 721 400 778 reiecit
416 719 521 778 alliud
533 720 572 777 ad
587 721 710 793 reliquas
725 721 884 794 singulares
898 723 1003 778 litteras
1018 723 1046 778 in
1062 722 1147 779 finem

142 805 284 862 versiculi.
309 805 388 862 Hanc
402 805 486 878 igitur
500 805 638 877 originem
651 805 734 861 huius
749 806 791 861 rei
806 822 869 862 cum
880 805 1075 865 Lachmannus
1090 824 1148 862 non

141 889 333 964 perspiceret,
359 895 443 961 atque
463 888 620 945 secundum
640 898 748 945 morem
769 905 853 945 suum
878 889 1025 946 interiores
1049 897 1146 963 partes

143 973 286 1042 Quadrato
302 974 426 1030 tribuens
450 990 467 1029 a
490 973 696 1046 portentosiora
716 971 836 1046 oblongi
866 974 1005 1046 scriptura
1033 975 1147 1047 protici-

143 1063 284 1129 sceretur,
298 1057 403 1131 inipso
419 1056 513 1114 autem
525 1050 652 1131 oblongo
664 1073 721 1114 non
729 1057 844 1131 prodita
859 1064 971 1115 exstare
989 1059 1042 1116 sed
1051 1059 1149 1132 prodit

141 1157 243 1216 parum
260 1143 442 1198 memorabile
460 1142 645 1198 existimarets
667 1158 702 1199 co
718 1142 848 1214 pervenit
862 1148 892 1197 ut
912 1142 985 1198 haee
1000 1149 1147 1199 annotaret

142 1227 307 1303 adversum
320 1229 388 1286 5632
402 1214 611 1282 'INGLINATA
631 1219 768 1282 MINENT
784 1226 824 1282 IN
844 1225 972 1282 EADEM
989 1226 1147 1284 PRODITA

141 1308 301 1365 PARTEM.
318 1309 355 1364 A.
368 1310 403 1365 Α.
419 1309 452 1378 Q.
468 1309 500 1378 Q.
535 1309 695 1377 Quadratus
703 1311 914 1384 prodstportem
924 1325 1032 1385 cqueq,
1052 1319 1083 1366 ut
1096 1327 1146 1383 ap·

141 1399 242 1466 pareat
262 1394 404 1449 librarium
426 1395 473 1449 illa
493 1411 520 1449 o.
535 1401 604 1467 aq.
619 1411 647 1468 q.
668 1410 725 1450 non
748 1394 920 1452 intellexisse
939 1434 1033 1451 .....
1050 1406 1146 1467 'neque

143 1494 198 1549 ego
221 1477 289 1548 quid
312 1492 366 1550 per
392 1494 426 1533 ea
448 1477 621 1550 significetur
642 1484 777 1551 exputare
802 1495 920 1552 possum
943 1519 1029 1535 .....
1053 1496 1146 1551 neque

141 1575 227 1631 vero,
243 1561 331 1633 siquis
346 1562 392 1617 hic
406 1567 489 1617 notae
504 1562 620 1617 alicuius
634 1562 791 1618 Probianae
806 1562 958 1635 vestigium
973 1565 1146 1619 remansisse

142 1645 315 1718 suspicetur,
330 1645 368 1702 ad
383 1661 498 1704 versum
513 1646 606 1718 ipsum
617 1646 825 1703 emendandum
836 1645 903 1702 mihi
918 1647 1066 1718 quicquam
1078 1662 1146 1720 pro-

141 1729 228 1786 ficere
249 1729 410 1787 videbitur:
446 1729 528 1786 Unde
551 1731 597 1801 qui
618 1731 711 1787 virum
733 1724 968 1803 paucissimorum
993 1733 1146 1788 verborum

143 1814 328 1886 cognoverint
351 1813 430 1870 haud
451 1815 588 1870 immerito
612 1815 795 1884 concludent,
811 1831 857 1887 vne
880 1815 973 1886 ipsum
997 1814 1147 1886 quideme

140 1897 279 1954 Probiana
293 1903 359 1954 nota
374 1899 411 1954 ibi
426 1899 597 1970 suspicanda
611 1899 732 1954 alienum
753 1899 855 1970 luisse,
876 1899 923 1953 ubi
941 1898 1034 1970 potius
1054 1915 1147 1972 prava

142 1981 251 2038 iteratio
267 1982 452 2054 agnoscenda
466 1988 526 2039 erat
545 1984 601 2038 iam
621 1983 651 2037 in
672 1981 827 2054 archetypo
842 1988 1001 2038 nostrorum
1016 1984 1146 2040 codicum

144 2064 278 2122 admissa.
295 2067 432 2123 -Idem
446 2084 516 2123 vero
536 2066 712 2123 librariorum
733 2081 827 2136 error,
850 2066 897 2137 qui
917 2066 945 2120 in
961 2065 1093 2123 hocloco
1110 2070 1145 2124 ab

141 2149 205 2221 ipsa
219 2165 320 2206 versus
334 2167 467 2207 mensura
478 2150 666 2224 redarguitur,
676 2167 732 2224 per
748 2149 839 2206 locum
855 2156 948 2207 autem
957 2140 1147 2227 παράλληλον

143 2233 199 2303 (V,
213 2231 280 2310 421)
295 2235 442 2307 corrigitur
455 2235 484 2289 in
500 2251 587 2292 versu
602 2237 671 2293 mss
690 2235 753 2290 libri
767 2234 865 2307 primi,
885 2235 973 2291 solius
990 2236 1146 2293 sententiae

143 2333 199 2390 ope
220 2318 349 2389 indagari
369 2323 462 2392 potest
484 2319 513 2374 in
532 2319 681 2392 multorum
701 2319 820 2374 aliorum
847 2335 983 2377 versuum
1004 2320 1145 2377 clausulis.

143 2396 232 2469 Quod
246 2402 362 2458 lecimus
392 2420 408 2459 e
428 2403 566 2479 sententia
586 2403 757 2459 Lachmanni
783 2419 847 2460 cum
869 2403 934 2459 alibi
955 2403 994 2473 11,
1010 2408 1078 2477 42²,
1093 2401 1145 2464 467

143 2487 191 2554 [ci.
209 2485 282 2541 Nov.
299 2484 372 2542 Mus.
388 2485 480 2543 Rhen.
496 2484 524 2541 V
538 2488 661 2560 potsJ,
674 2491 742 2556 6303
764 2484 801 2557 V,
816 2491 886 2556 4683
908 2486 1009 2557 tu,1s
1028 2495 1086 2543 tum
1097 2488 1146 2559 lv,

142 2571 195 2628 987
209 2570 256 2624 ubi
271 2585 356 2643 saepe
369 2573 456 2645 praete
477 2587 530 2644 per
545 2573 672 2629 librarios
686 2588 839 2647 perperam
860 2588 896 2628 ex
911 2585 998 2630 versu
1018 2573 1065 2643 qui
1080 2580 1146 2645 post

142 2669 207 2708 eum
223 2659 267 2708 est
280 2655 424 2725 proximus
437 2655 541 2713 illatum
550 2647 593 2713 ¹ita
609 2658 713 2730 expulit
727 2656 921 2714 Lucretianam
935 2658 1099 2729 clausulam,
1116 2665 1147 2713 ut

142 2737 318 2794 coniiciendo
332 2741 496 2813 recuperari
510 2732 641 2814 nequeat.
682 2742 775 2814 Atque
787 2734 861 2798 adeo
878 2741 907 2797 in
917 2757 1004 2798 versu
1015 2744 1068 2800 491
1083 2741 1145 2797 libri

142 2819 190 2874 tv.
209 2821 328 2878 dubitari
341 2830 435 2896 potest
450 2830 541 2881 utrum
554 2831 693 2884 necessest
707 2842 742 2882 ex
755 2841 842 2882 versu
855 2830 920 2899 post
937 2841 1002 2881 eum
1017 2824 1144 2881 secundo

84 2971 86 2977 Ι
141 2906 194 2963 493
208 2921 245 2961 an
260 2922 296 2962 ex
315 2909 395 2964 tertio
419 2917 482 2965 ante
499 2926 563 2967 eum
576 2914 630 2970 488
650 2909 799 2982 irrepsisse
822 2909 910 2966 dicas.
943 2905 1146 2964 Huiuscemodi

142 2994 234 3044 autem
246 2997 394 3063 peccatum
409 2993 584 3049 librariorum
599 2995 682 3050 etiam
696 2995 750 3063 Vl,
770 2995 840 3052 1010
852 2994 1059 3067 persentiscere
1077 2991 1145 3048 mihi

140 3071 242 3128 videor
261 3075 290 3129 in
306 3077 452 3132 vocabulis
475 3079 674 3148 eackmentis,
695 3078 856 3149 inquorum
880 3077 1066 3150 explicatione
1081 3079 1145 3148 ipse

141 3156 194 3210 sibi
210 3174 267 3214 non
289 3160 459 3217 satisfecisse
473 3162 585 3218 videtur
594 3161 799 3219 Lachmannus.
837 3160 988 3219 Confitetur
1002 3165 1078 3217 certe
1093 3155 1144 3216 ad·

142 3256 206 3295 esse
221 3241 260 3297 ibi
270 3230 427 3300 ‘concisum
442 3232 586 3316 quoddam
605 3247 717 3303 dicendi
737 3262 828 3320 genus
843 3247 922 3302 cuius
940 3245 1031 3302 simile
1048 3259 1144 3300 exem-

140 3321 219 3393 plum
238 3338 295 3380 non
314 3328 406 3397 possit
424 3333 577 3396 promere!
615 3331 723 3401 Quare,
742 3332 834 3388 donec
848 3331 903 3386 tale
926 3329 1087 3401 exemplum
1100 3328 1142 3383 in-

138 3419 164 3462 v=
271 3407 340 3479 erit,
354 3409 445 3479 ,satius
463 3411 544 3465 tuerit
561 3413 638 3466 idem
658 3416 686 3466 in
704 3413 748 3465 his
762 3415 907 3470 vocabulis
928 3414 1030 3469 tactum
1044 3417 1145 3483 putare

216 3491 338 3549 .tctiens
361 3492 426 3549 alibi
446 3494 584 3552 accidisse
607 3493 746 3562 vidimus3
768 3499 882 3565 praeter
901 3509 979 3566 rem,
1005 3494 1146 3567 niorirunt,
