2340 3922
561 209 573 268 l

159 394 230 455 qnae
241 374 330 434 ueluti
340 373 461 434 validum
473 391 536 434 cum
547 372 649 434 llumen
660 374 840 452 procubuere

160 476 240 538 quam
254 457 325 519 libet
336 457 364 517 in
376 466 500 536 partem,
516 457 629 517 trudunt
639 476 687 517 res
701 467 766 517 ante
777 467 917 536 ruuntque

159 541 309 619 impetibus
320 541 448 617 crebris,
460 539 598 600 interdum
608 541 718 601 uertice
734 549 809 601 torto

26 699 28 702 Ι
160 626 315 701 corripiunt
325 623 481 701 rapideque
492 625 594 683 rotanti
606 623 717 683 turbine
728 633 849 702 portant.

92 716 145 770 295
161 725 248 786 quare
261 709 344 766 etiam
356 715 442 784 atque
454 707 537 765 etiarn
548 714 614 766 sunt
625 708 702 766 venti
715 724 835 786 corpora
845 725 948 784 caeca,

159 788 382 869 quandoquidem
393 788 476 848 factis
487 797 517 848 et
529 789 654 849 moribus
664 789 773 850 aemula
783 793 889 867 magnis

158 873 285 933 amnibus
297 873 490 948 inveniuntur,
503 881 602 951 aperto
615 888 738 951 corpore
750 875 797 952 qui
812 882 885 935 sunt.

159 966 217 1016 tum
225 973 311 1033 porro
322 957 415 1016 varios
427 972 520 1015 rerum
531 957 666 1016 sentimus
677 956 799 1035 odores,

159 1057 214 1100 nec
226 1048 319 1099 tamen
333 1038 368 1099 ad
379 1041 453 1098 naris
463 1042 603 1100 venientis
616 1042 755 1100 cernimus
767 1059 912 1119 umquam,

95 1131 148 1185 300
162 1140 217 1183 nec
229 1123 336 1184 calidos
349 1132 444 1184 aestus
457 1124 575 1200 tuimur,
591 1142 646 1184 nec
658 1124 764 1201 frigora
775 1126 885 1206 quimus

159 1224 295 1284 usurpare
308 1206 416 1282 oculis,
437 1224 492 1267 nec
502 1223 592 1268 voces
605 1225 723 1267 cernere
736 1226 865 1276 suemus;

159 1308 230 1369 qnae
242 1299 334 1351 tamen
346 1292 437 1349 omnia
449 1306 588 1367 corporea
603 1298 734 1350 constare
744 1299 897 1350 necessest

160 1382 271 1451 natura,
285 1376 415 1452 quoniam
428 1391 531 1432 sensus
543 1371 683 1449 inpellere
699 1381 833 1450 possunt:

161 1467 278 1534 tangere
296 1457 410 1517 enimet
425 1457 517 1533 tangi,
532 1456 586 1515 nisi
597 1473 720 1535 corpus,
731 1456 808 1516 nulla
818 1465 985 1534 potestres.

92 1549 144 1604 305
160 1540 281 1618 denique
294 1539 453 1616 fluctifrago
465 1556 623 1617 suspensae
635 1542 663 1598 in
675 1540 758 1601 litore
769 1550 868 1601 vestes

161 1632 316 1702 meseum,
333 1622 451 1683 eaedem
463 1622 613 1701 dispansae
624 1625 652 1683 in
664 1623 727 1685 sole
739 1632 896 1685 serescunt.

160 1717 187 1768 at
198 1726 291 1786 neque
305 1724 361 1787 quo
372 1716 457 1786 pacto
468 1705 629 1785 persederit
639 1725 720 1768 umor
729 1711 810 1786 aquai

90 1814 99 1828 ·
160 1793 294 1868 visumst,
312 1809 368 1851 nec
378 1808 488 1850 rursum
499 1807 555 1869 quo
566 1800 652 1868 pacto
663 1791 768 1869 fugerit
779 1800 868 1851 aestu.

160 1877 188 1935 in
198 1892 299 1953 parvas
310 1876 396 1953 igitur
406 1876 493 1953 partis
504 1875 677 1952 dispergitur
687 1892 784 1952 umor,

94 1968 146 2022 310
160 1976 230 2038 quas
242 1958 317 2019 oculi
328 1958 404 2019 nulla
415 1967 536 2036 possunt
544 1960 653 2018 ratione
665 1958 772 2018 videre.

161 2045 227 2121 quin
239 2044 321 2103 etiam
332 2041 426 2101 multis
443 2041 513 2102 solis
524 2039 708 2101 redeuntibus
720 2043 797 2101 annis

161 2125 260 2185 anulus
272 2126 300 2184 in
311 2126 399 2200 digito
412 2125 511 2183 subter
522 2131 651 2182 tenuatur
661 2122 808 2198 babendo,

161 2207 274 2270 stilicidi
286 2225 369 2268 casus
380 2204 502 2284 lapidem
514 2213 611 2282 cavat,
622 2223 712 2266 uncus
723 2207 806 2265 aratri

161 2291 272 2352 ferreus
284 2290 398 2351 occulte
410 2288 554 2350 decrescit
565 2305 663 2349 vomer
673 2291 701 2348 in
710 2290 802 2365 arvis,
858 2320 863 2327 ·

95 2385 147 2438 315
160 2385 302 2454 strataque
317 2375 370 2434 iam
384 2373 463 2451 volgi
474 2372 596 2453 pedibus
608 2372 709 2434 detrita
718 2375 824 2433 viamm

161 2476 246 2521 saxea
258 2460 463 2537 conspicimus:
478 2466 552 2534 tum,
565 2466 662 2535 portas
674 2467 809 2536 propter,
821 2464 891 2517 edna

160 2545 242 2621 signa
251 2561 347 2603 manus
359 2542 472 2602 dextras
488 2540 640 2601 ostendunt
650 2540 793 2601 adtenuari

162 2643 250 2705 saepe
262 2625 429 2686 salutantum
439 2633 516 2685 tactu
527 2634 697 2703 praeterque
704 2634 856 2685 ‘meantum

160 2708 232 2770 haec
243 2710 328 2785 igitur
339 2710 438 2785 minui,
452 2725 515 2768 cum
526 2709 581 2766 sint
592 2707 710 2784 detrita,
721 2707 865 2767 videmus:

95 2800 148 2854 320
161 2791 215 2861 sed
224 2808 297 2869 quae
314 2808 435 2868 corpora
448 2788 588 2849 decedant
597 2792 626 2848 in
637 2799 766 2867 tempore
775 2806 908 2867 quoque,

158 2874 251 2935 invida
262 2872 417 2952 praeclusit
427 2873 547 2951 spatium
556 2881 652 2932 natura
662 2871 784 2932 videndi.

159 2968 305 3038 postremo
317 2974 513 3036 quaecumque
524 2956 586 3016 dies
599 2965 752 3033 naturaque
767 2954 854 3014 rebus

158 3038 291 3121 paulatim
302 3041 415 3116 tribuit,
426 3039 591 3101 moderatim
603 3057 738 3100 crescere
752 3055 879 3116 cogens,

158 3125 234 3186 nulla
248 3133 346 3205 potcst
357 3122 504 3184 ocnlomm
514 3126 593 3184 acies
610 3131 742 3184 contenta
752 3123 842 3198 tucri,

95 3216 145 3270 325
155 3227 210 3270 nec
221 3225 309 3288 porro
320 3225 516 3287 quaecumque
527 3223 600 3267 aevo
610 3208 758 3284 macieque
769 3214 924 3266 senescunt

158 3311 231 3370 nec,
242 3310 318 3352 marc
329 3309 402 3370 quae
413 3289 583 3370 inpendent,
596 3306 686 3350 vesco
698 3288 758 3350 sale
768 3305 836 3350 saxa
847 3305 951 3367 peresa

158 3374 224 3455 quid
235 3393 350 3454 quoque
362 3376 485 3435 amittant
496 3375 524 3432 in
535 3382 665 3450 tempore
677 3390 797 3433 cernere
812 3373 917 3451 possis.

159 3458 327 3537 corporibus
340 3457 436 3519 caecis
447 3458 532 3536 igitur
542 3464 638 3517 natum
650 3457 724 3535 gerit
734 3473 792 3518 res.
