2340 3854
551 203 591 264 lV

158 371 245 433 multa
256 371 347 433 modis
358 371 470 449 multis,
484 369 561 431 nulla
572 372 617 449 vi,
634 387 774 450 omenque
785 367 893 433 sensui

192 452 207 539 ΙΙ
221 455 280 518 Sed
291 474 328 516 ne
342 455 417 517 lorte
430 464 515 535 putes
527 454 683 516 eudemum
696 453 883 534 solempnem,

159 557 354 621 quaecumque
365 540 402 601 ab
416 540 503 600 rebus
514 557 609 599 rerum
619 539 768 598 siruulacra
778 539 935 613 recedunt,

158 634 223 687 sunt
234 626 317 686 etiam
329 641 402 703 quae
416 632 520 701 sponte
532 640 583 682 sua
593 624 746 699 gignuntur
760 631 790 682 et
801 623 863 702 ipsa

97 717 148 771 150
160 711 369 772 constituuntur
380 709 407 766 in
420 706 476 767 hoc
488 704 587 783 caelo,
600 707 647 783 qui
659 706 760 766 dicitnr
770 713 837 784 adr,

158 812 231 872 quae
245 792 340 853 multis
354 788 861 868 1111111111οά15111111111111111,

157 896 212 938 nec
225 877 354 956 speciem
366 885 474 935 mutare
485 891 563 935 suam
575 871 709 952 liquentia
722 885 836 934 cessant

158 971 188 1021 ct
200 963 338 1038 cuiusque
349 958 425 1020 modi
436 957 585 1019 lormarum
598 967 712 1018 vertere
727 960 755 1019 in
768 975 847 1028 oras;

157 1055 187 1106 nt
201 1044 292 1105 nubes
305 1042 389 1104 lacile
400 1042 539 1104 interdum
552 1060 744 1103 concrescere
757 1045 786 1102 in
796 1042 853 1104 alto

93 1130 296 1192 lassescimus
309 1137 338 1189 et
349 1125 443 1187 mundi
453 1128 582 1207 speciem
592 1125 700 1187 violare
712 1144 859 1204 serenam,
884 1186 886 1190 ,

156 1219 222 1273 adra
234 1211 394 1274 mulcentes
405 1221 498 1272 motu:
511 1228 574 1270 nam
585 1229 675 1289 saepe
687 1207 836 1287 Gigantum

157 1314 206 1356 ura
217 1295 316 1356 volare
329 1296 462 1356 videntur
476 1304 505 1354 et
519 1294 645 1353 umbram
657 1293 763 1353 ducere
775 1292 849 1370 late,

157 1380 297 1439 interdum
307 1380 400 1457 magni
412 1387 523 1438 montes
535 1375 690 1453 avolsaque
702 1393 769 1436 sara

155 1462 298 1523 montibus
312 1463 419 1522 anteire
434 1470 463 1522 et
477 1460 569 1521 solem
581 1458 739 1520 succedere
752 1470 881 1539 praeter,

92 1556 144 1610 140
155 1547 221 1607 inde
232 1544 304 1606 alius
316 1545 429 1607 trahere
441 1555 526 1623 atque
536 1544 673 1604 inducere
684 1542 769 1604 belua
779 1544 899 1605 nimbus.
916 1543 929 1629 l

198 1629 281 1690 Nunc
292 1648 326 1690 ea
339 1647 420 1709 quam
431 1628 508 1690 lacili
519 1638 548 1690 et
561 1627 650 1689 celeri
662 1630 771 1689 ratione
783 1639 921 1707 genantur

155 1724 354 1799 perpetuoque
367 1715 452 1775 lluant
463 1714 498 1775 ab
509 1713 597 1774 rebus
609 1713 746 1792 lapsaque
760 1713 862 1773 cedant

155 1901 271 1962 semper
286 1885 360 1944 enim
371 1902 507 1944 summum
521 1880 655 1961 quioquid
667 1881 703 1942 de
715 1883 801 1944 rebus
817 1883 957 1959 abundat,

156 1967 232 2046 quud
242 1966 408 2028 iaculentur.
425 1976 454 2028 et
467 1967 524 2026 huc
536 1965 605 2026 alias
621 1983 684 2025 cum
698 1968 830 2044 pervenit
841 1969 868 2026 in
880 1984 946 2042 res,

93 2059 142 2113 115
156 2052 272 2128 transit,
286 2061 316 2111 ut
326 2051 355 2109 in
369 2052 466 2129 primis
475 2059 603 2110 vestem:
616 2047 669 2110 sed
683 2048 731 2108 ubi
744 2067 846 2128 aspera
856 2067 922 2110 saxa

156 2136 242 2194 autin
256 2134 399 2194 materiam
410 2132 478 2209 ligni
490 2132 641 2210 pervenit,
652 2131 692 2190 ibi
704 2133 757 2190 iam

157 2216 309 2294 scinditur,
322 2225 353 2275 ut
363 2215 469 2275 nullum
480 2214 660 2276 simulacrum
672 2213 794 2275 reddere
805 2215 906 2292 possit.

156 2312 184 2362 at
196 2320 259 2361 cum
271 2300 419 2380 splendida
430 2318 502 2379 quae
516 2308 645 2361 constant
657 2309 780 2378 opposta
794 2298 907 2359 luerunt

156 2386 318 2466 densaque,
332 2394 361 2445 ut
373 2387 400 2445 in
415 2386 512 2464 primis
524 2383 673 2464 speculum
685 2392 748 2462 est,
760 2381 799 2444 nil
811 2383 915 2444 accidit
926 2383 1040 2445 homm.

94 2480 144 2534 150
155 2488 341 2550 numaeque,
359 2472 399 2530 uti
410 2479 540 2548 vestem,
553 2471 629 2548 potis
642 2478 686 2530 est
698 2470 835 2547 transire,
848 2479 1047 2548 nequeuntem

156 2553 261 2624 scindi;
277 2572 359 2632 quam
370 2556 494 2615 meminit
506 2553 588 2614 levor
599 2563 744 2633 praestare
757 2552 885 2615 salntem.

158 2647 332 2718 quapropter
343 2639 373 2698 lit
384 2647 413 2696 ut
425 2637 492 2698 hinc
502 2638 585 2698 nobis
597 2637 746 2698 simulacra
756 2636 931 2698 redundent·

157 2731 186 2783 et
203 2722 327 2799 quamvis
339 2722 450 2798 subito,
463 2721 565 2799 quovis
580 2723 608 2779 in
621 2730 767 2799 tempore,
780 2737 918 2798 quamque

156 2823 217 2866 rem
228 2814 325 2865 contra
336 2803 486 2882 speculum
497 2820 603 2882 ponas,
618 2812 736 2882 apparet
747 2803 856 2879 imagu;

92 2900 141 2951 155
157 2899 300 2970 perpetuo
313 2887 443 2948 fluerent
457 2903 560 2947 noscas
572 2905 589 2946 e
602 2903 724 2965 corpore
737 2902 845 2944 summo

156 2983 282 3035 texturas
294 2990 387 3033 rerum
401 2973 494 3033 tenuis
508 2972 658 3049 tenuisque
671 2969 784 3047 ligurus.

158 3077 229 3136 ergo
240 3058 326 3119 multa
336 3057 417 3117 brevi
431 3059 523 3137 spatio
534 3054 685 3117 simulacra
696 3063 853 3132 ponuntur,

156 3151 186 3203 ut
198 3144 299 3203 merito
311 3140 392 3203 celer
405 3141 449 3202 his
460 3141 546 3202 rebus
559 3141 667 3200 dicatur
678 3140 769 3217 origo.

157 3237 186 3288 et
199 3229 278 3306 quusi
288 3226 373 3287 multa
385 3227 466 3286 brevi
476 3227 567 3304 spatio
581 3224 755 3285 summittere
767 3222 853 3285 debet

91 3318 142 3374 100
155 3310 258 3371 lumina
270 3310 331 3388 sol,
343 3321 373 3371 ut
385 3319 526 3390 perpetuo
541 3311 595 3369 sint
610 3309 700 3369 omnia
711 3307 812 3387 plena,

156 3395 200 3455 sio
211 3395 247 3454 ab
258 3395 344 3456 rebus
355 3398 423 3456 item
436 3393 518 3456 simili
529 3395 637 3454 ratione
649 3402 800 3454 necessest

156 3480 292 3558 temporis
302 3479 329 3538 in
342 3488 448 3559 puncto
460 3496 554 3540 rernm
564 3476 713 3540 simulacra
723 3478 848 3539 ferantur
