2340 3854
565 210 578 271 l

97 383 149 436 215
206 373 269 434 lluc
280 373 393 435 accedit
403 375 443 434 uti
455 374 578 452 quicque
590 375 618 433 iu
630 391 681 435 sua
693 389 813 451 corpora
824 391 933 436 rursum

163 457 299 519 dissoluat
308 466 404 517 natura
415 475 509 536 neque
520 456 555 516 ad
566 457 653 516 nilum
663 458 811 517 interemat
823 475 879 520 res.

163 559 226 601 nam
237 540 329 620 siquid
340 539 458 601 mortale
472 559 488 600 e
503 541 613 601 cunctis
625 540 752 619 partibus
763 553 863 622 esset,

163 644 199 684 ex
210 624 302 685 oculis
312 642 360 683 res
372 642 502 703 quaeque
515 633 636 702 repente
648 633 747 700 erepta
761 626 882 702 periret:

162 708 238 768 nulla
248 709 276 766 vi
287 707 362 767 foret
372 725 441 767 usus
459 707 550 783 enim,
565 724 638 784 quae
654 707 780 783 partibus
790 709 852 769 eius

97 800 149 852 220
164 791 311 852 discidium
320 807 422 868 parere
438 799 467 850 ct
478 808 568 850 nexus
580 787 733 850 exsolvere
744 802 853 869 posset.

162 874 335 952 quodcum,
348 881 465 933 aeterno
481 874 545 951 quia
555 882 686 933 constant
702 875 810 935 semine
822 893 969 956 quaeque,

161 958 254 1017 donec
264 958 307 1018 vis
319 957 403 1031 obiit,
421 975 493 1035 quae
505 974 553 1016 res
564 957 727 1017 diverberet
738 959 796 1019 ictu

161 1050 208 1100 aut
222 1043 296 1101 intus
308 1048 441 1118 penetret
450 1057 504 1118 per
513 1042 604 1100 inania
616 1038 828 1120 dissoluatquc,
897 1079 904 1089 ⁷

159 1123 263 1184 nullius
275 1125 389 1184 exitium
402 1126 504 1202 patitur
513 1133 609 1184 natura
620 1124 719 1184 videri.

94 1218 145 1271 225
161 1217 311 1287 praeterea
322 1224 393 1285 quae
409 1225 529 1285 cumque
541 1217 684 1268 vetustate
695 1217 808 1268 amovet
820 1218 914 1284 aetas,

160 1294 184 1351 si
196 1293 309 1369 penitus
322 1292 442 1368 peremit
456 1308 627 1351 consumens
637 1292 781 1349 materiem
793 1308 919 1367 omnem,

161 1373 234 1432 unde
244 1373 362 1433 animale
373 1391 465 1449 genus
476 1375 632 1450 generatim
642 1375 671 1431 in
681 1370 784 1432 lumina
797 1375 871 1434 vitae
960 1429 963 1432 .

159 1456 289 1517 redducit
300 1455 415 1531 Venus,
430 1465 477 1516 aut
487 1455 654 1516 redductum
668 1455 785 1517 daedala
796 1456 882 1518 tellus

161 1540 234 1600 unde
245 1538 294 1599 alit
306 1548 390 1617 atque
401 1548 486 1616 auget
497 1542 654 1617 generatim
665 1540 767 1619 pabula
779 1538 942 1619 praebens?

95 1632 148 1686 230
161 1623 235 1684 unde
248 1640 324 1683 mare
335 1625 450 1700 ingenui
462 1623 555 1684 fontes
568 1632 742 1704 extemequc
754 1624 834 1702 large

160 1707 272 1767 flumina
283 1704 486 1786 suppeditant?
497 1707 571 1767 unde
583 1707 683 1768 aether
694 1707 786 1768 sidera
800 1707 914 1787 pascit?

159 1793 251 1850 omnia
265 1792 338 1850 enim
350 1789 453 1868 debet,
465 1790 575 1852 mortali
591 1808 714 1870 corpore
725 1810 798 1869 quae
810 1803 892 1869 sunt,

159 1875 262 1934 infinita
272 1883 349 1934 aetas
363 1892 533 1953 consumpse
545 1883 609 1934 ante
623 1884 685 1934 acta
700 1874 828 1953 diesque.

159 1958 235 2036 quod
246 1959 270 2018 si
284 1960 312 2017 in
324 1976 359 2017 eo
371 1960 463 2036 spatio
475 1967 559 2037 atque
571 1968 635 2017 ante
647 1967 710 2018 acta
720 1968 813 2019 aetate
825 1959 906 2019 inere

95 2049 146 2103 235
161 2061 177 2101 e
191 2041 291 2120 quibus
303 2041 375 2100 baec
386 2059 480 2100 rerum
492 2043 622 2101 consistit
633 2059 739 2102 summa
750 2042 876 2119 relecta,

158 2123 297 2184 inmortali
309 2132 373 2184 sunt
387 2133 484 2182 natura
494 2123 621 2201 praedita
632 2133 731 2201 certe,

158 2207 224 2267 baut
235 2209 320 2284 igitur
331 2216 451 2285 possunt
462 2207 497 2267 cd
508 2207 593 2266 nilum
605 2225 735 2286 quaeque
747 2209 862 2268 reverti.

158 2292 280 2369 denique
291 2309 339 2352 res
351 2292 441 2350 omnis
453 2290 552 2351 eadem
563 2291 606 2351 ris
620 2308 761 2369 causaque
773 2289 860 2369 volgo

159 2375 332 2451 conticeret,
343 2376 396 2434 nisi
408 2377 539 2435 materies
551 2385 665 2434 aeterna
677 2385 805 2453 teneret,

93 2466 146 2520 240
159 2460 232 2520 inter
243 2477 276 2519 se
287 2476 362 2519 nexu
374 2461 463 2519 minus
475 2467 521 2519 aut
532 2460 620 2536 magis
633 2458 810 2537 indupedita:

157 2551 249 2602 tactus
264 2544 336 2601 enim
348 2541 398 2602 leti
409 2545 478 2603 satis
489 2552 568 2602 esset
581 2560 665 2603 causa
677 2543 825 2621 proiecto;

159 2627 282 2703 quippe,
294 2627 342 2685 ubi
353 2624 428 2685 nulla
440 2626 534 2694 lorcnt
543 2636 661 2687 aeterno
675 2643 814 2705 corpore,
827 2645 944 2706 quorum

158 2718 319 2767 contextum
331 2711 374 2768 ris
386 2708 505 2769 deberet
516 2709 674 2769 dissolvere
687 2728 825 2788 quaeque.

156 2800 184 2850 at
196 2808 287 2866 nunc,
299 2793 373 2849 inter
383 2810 415 2850 se
427 2793 491 2869 quia
504 2809 593 2851 neam
605 2794 805 2870 principiorum

92 2883 143 2935 245
160 2872 311 2933 dissimiles
326 2882 455 2933 constant
465 2883 638 2952 aeternaque
649 2876 782 2935 materies
795 2885 856 2952 est,

156 2955 290 3017 incolumi
300 2967 445 3017 remanent
455 2975 503 3018 res
514 2974 652 3036 corpore,
667 2957 731 3017 dum
743 2960 811 3019 satis
822 2960 896 3019 acris

155 3042 199 3101 ris
211 3042 296 3102 obeat
308 3056 360 3119 pro
372 3050 480 3101 textura
494 3043 630 3120 cuiusque
641 3050 764 3119 reperta.

155 3123 228 3184 baud
240 3125 325 3201 igitur
334 3124 407 3185 redit
419 3124 454 3184 ad
463 3125 548 3184 nilum
560 3145 608 3186 res
622 3124 695 3201 ulla,
709 3125 761 3185 sed
773 3143 871 3186 omnes

156 3206 274 3268 discidio
286 3207 444 3268 redeuntia
457 3226 577 3286 corpora
587 3209 720 3268 materiai.

90 3301 143 3352 250
158 3299 303 3368 postremo
315 3300 436 3370 pereunt
447 3293 568 3368 imbres,
581 3293 629 3351 ubi
640 3310 692 3353 eos
704 3302 785 3371 pater
795 3289 895 3352 aether

155 3376 183 3432 in
194 3376 330 3451 gremium
338 3377 433 3436 matris
446 3377 529 3434 terrai
541 3378 751 3455 praecipitarit:

155 3466 183 3515 at
194 3457 296 3517 nitidae
308 3469 427 3537 surgunt
437 3459 554 3536 fruges,
565 3461 688 3538 remique
700 3461 844 3519 virescunt
