2340 3922
550 234 592 296 IV

156 414 187 467 et
197 403 315 466 divisior
326 406 401 466 inter
410 423 444 464 se
456 421 490 464 ac
502 403 665 464 distractior
675 411 765 465 actus
871 423 873 426 ’

198 487 236 550 Et
248 505 305 567 quo
317 489 438 568 quisque
448 486 512 547 fers
526 487 620 548 studio
635 483 948 562 deuinctusadbaeret,

92 580 147 636 960
157 581 205 632 aut
219 572 322 652 quibus
336 573 366 630 iu
375 571 462 632 robus
474 569 592 631 multum
603 588 700 631 smnus
711 579 776 630 ante
786 570 886 628 morati

157 664 242 736 atque
253 656 281 716 in
293 672 328 717 ea
338 656 447 714 ratione
457 653 510 713 iuit
525 662 658 714 contenta
668 655 760 729 magis
768 670 866 729 mers,

157 740 185 797 in
198 740 304 801 somnis
316 737 416 798 eadem
426 737 595 816 plerumque
605 735 733 795 ridemur
744 736 840 801 obire:

159 822 295 883 causidici
307 839 407 881 causas
421 838 509 898 agere
521 830 553 881 et
562 836 736 900 componere
751 818 852 896 leges,

50 908 52 910 ’
159 906 374 984 induperatores
386 921 513 983 pugnare
524 923 560 965 ac
572 904 681 984 praedia
697 903 795 980 obire,

94 997 260 1054 manaurae
274 998 449 1050 contractum
460 1001 523 1048 oum
534 990 629 1050 sentis
640 988 748 1066 degere
763 984 886 1064 hstium,

80 1136 83 1142 ,
159 1090 211 1133 nos
226 1090 313 1151 agero
326 1072 382 1132 boo
393 1080 486 1133 autem
497 1081 526 1133 et
537 1083 663 1134 naturam
673 1089 813 1150 quaerere
826 1087 921 1129 rerum

159 1174 275 1235 semper
288 1166 318 1216 et
328 1158 470 1217 inventam
483 1159 581 1234 patriis
593 1172 739 1233 exponere
751 1154 865 1214 chartis.

161 1250 257 1300 cetera
268 1242 311 1300 sic
322 1239 413 1301 studia
424 1249 510 1317 atquc
520 1249 596 1300 artes
610 1238 778 1317 plerumque
791 1237 922 1298 sidentur

159 1325 305 1384 insomnis
317 1324 424 1382 animos
436 1323 578 1382 bominum
590 1322 720 1381 frustrata
733 1330 842 1380 tenere.

95 1413 148 1469 970
159 1416 189 1467 ct
201 1408 371 1484 quicumque
385 1405 446 1465 dies
457 1405 561 1465 multos
573 1423 610 1465 cx
626 1404 724 1464 ordine
738 1403 812 1464 ludis

159 1490 290 1550 adsiduas
303 1489 441 1549 dederuut
454 1505 575 1567 operas,
590 1488 759 1566 plerumque
770 1486 914 1565 videmus,

161 1592 223 1632 cum
240 1575 294 1632 iam
308 1573 478 1634 destiterunt
489 1590 523 1632 ea
535 1574 667 1633 sensibus
679 1589 833 1651 usurpare,

159 1656 283 1717 relicuas
295 1667 388 1718 tamen
401 1675 468 1717 esse
481 1658 541 1717 vias
553 1658 581 1716 in
593 1666 687 1717 mente
701 1657 840 1737 patentis,

162 1758 217 1819 qua
227 1742 339 1819 possint
350 1741 449 1800 eadem
460 1758 554 1801 rerum
564 1741 714 1801 simulacra
725 1741 840 1800 venire:

90 1832 144 1889 9i5
161 1825 327 1903 permultos
340 1827 436 1903 itaque
447 1823 495 1884 illa
507 1824 568 1885 dies
580 1825 679 1885 eadem
691 1825 877 1884 obversantur

163 1917 227 1967 aute
239 1908 358 1986 oculos,
371 1911 454 1970 etiam
467 1908 618 1985 vigilantes
629 1918 658 1967 ut
671 1909 820 1968 videantur

162 2010 281 2053 cemero
291 1991 418 2053 saltantis
431 2003 460 2050 et
473 1989 568 2049 mollia
579 1991 704 2051 membra
714 1992 873 2068 mouentis,

161 2083 190 2135 et
203 2074 325 2134 citharae
338 2075 473 2152 liquidum
486 2091 599 2132 carmen
613 2074 791 2153 chordasque
804 2073 948 2151 loquentis

159 2158 273 2218 auribus
284 2159 437 2235 accipere,
453 2164 482 2215 ct
495 2173 664 2216 consessum
676 2174 797 2216 cernere
808 2155 928 2216 eundem

96 2251 149 2307 980
160 2243 315 2320 scenaique
329 2239 411 2301 simul
423 2240 517 2300 varios
530 2238 683 2318 splendere
695 2240 829 2301 decores.

160 2344 252 2404 usque
264 2326 336 2385 adeo
348 2325 442 2402 magui
453 2323 542 2384 refert
552 2324 673 2384 studium
685 2333 770 2404 atque
783 2323 931 2403 voluptas,

161 2418 191 2469 et
202 2410 304 2488 quibus
316 2411 345 2469 iu
355 2409 444 2470 rebus
458 2410 621 2470 consuerint
633 2428 701 2470 esse
714 2411 823 2488 operati

160 2512 215 2553 nou
226 2492 354 2554 homines
369 2493 461 2554 solum
472 2493 526 2553 sed
540 2511 609 2554 uero
621 2493 748 2554 animalia
763 2501 873 2554 cuncta.

161 2579 267 2655 quippe
277 2577 388 2638 videbis
402 2593 492 2654 equos
504 2576 604 2654 fortis,
618 2596 682 2638 eum
693 2578 818 2638 membra
828 2577 978 2654 iacebunt,

94 2668 146 2725 985
158 2661 187 2719 in
200 2662 306 2721 somnis
318 2659 420 2720 sudare
430 2669 523 2719 tamea
538 2663 704 2739 spirareque
717 2679 833 2738 semper

162 2753 191 2802 et
204 2745 283 2820 quasi
294 2743 330 2802 de
342 2741 434 2820 palma
445 2759 566 2802 summas
578 2743 752 2803 contendere
764 2746 831 2802 viris

161 2835 207 2886 aut
221 2827 302 2904 quasi
312 2825 475 2885 carceribus
488 2825 638 2902 patefactis
661 2871 819 2885 ......

160 2919 368 2986 venantumque
381 2925 466 2969 canes
479 2910 506 2967 iu
518 2907 597 2968 molli
610 2927 699 2988 saepe
712 2910 809 2986 quiete

159 2996 264 3054 iactant
276 3011 357 3054 crura
366 3001 459 3053 tauma
472 2991 567 3053 subito
578 3011 726 3072 uocesque
738 3001 858 3071 repente

95 3085 149 3142 990
160 3080 270 3139 mittunt
282 3087 312 3138 et
324 3077 427 3138 crebro
439 3076 597 3137 redducunt
610 3077 722 3137 naribus
735 3094 834 3154 auras,

161 3172 191 3222 ut
203 3163 326 3240 vestigia
335 3163 360 3222 si
373 3170 488 3221 teneant
499 3162 616 3223 inventa
626 3161 745 3220 ferarum
755 3206 764 3237 ‚

162 3246 416 3324 expergefactique
428 3254 565 3306 scantur
575 3247 665 3304 inania
677 3263 766 3323 saepe

162 3347 312 3389 cervorum
322 3328 489 3407 simulacra,
501 3328 586 3406 iugae
602 3330 680 3408 quasi
695 3327 787 3388 dedita
800 3338 934 3404 cernant,

162 3412 255 3473 donee
265 3413 404 3474 discussis
415 3413 534 3474 redeant
545 3413 689 3473 erroribus
698 3412 735 3472 ad
745 3432 788 3474 se.

96 3502 149 3559 995
161 3506 190 3558 at
201 3507 339 3558 consueta
352 3496 427 3557 domi
438 3495 596 3559 catulomm
609 3495 710 3558 blanda
720 3514 850 3577 propago
