2340 3854
557 189 584 247 V

156 353 323 432 quitatione
335 368 386 411 sua
397 349 554 411 disturbent
565 351 676 411 moenia
689 350 783 411 mundi

94 447 143 499 tto
154 433 389 515 praeclarumque
401 431 491 494 velint
506 431 579 494 oaeli
591 435 770 513 restinguere
784 433 894 513 solem,

154 515 311 579 inmortalia
323 515 433 577 mortali
444 533 576 578 sermone
587 526 733 585 notantem

157 619 229 681 quae
240 598 341 680 prooul
353 617 444 679 usque
456 599 529 660 adeo
540 599 634 660 divino
645 617 662 659 a
672 601 784 659 numine
796 599 917 680 distent,

155 687 241 764 inque
252 683 335 744 deum
347 699 464 742 numero
481 700 552 761 quae
563 684 619 742 sint
632 683 745 761 indigna
756 682 862 762 videri,

155 770 281 828 notitiam
292 768 387 847 potius
401 766 542 845 praebere
554 775 584 826 ut
596 783 685 846 posse
697 775 831 846 putentur

94 863 144 915 tto
156 851 223 931 quid
237 852 273 912 sit
286 848 364 910 vitali
375 859 453 910 motu
468 867 613 928 sensuque
627 859 774 910 remotum.

156 937 262 1015 quippe
278 935 383 994 etenim
396 948 453 992 non
469 943 530 1011 est,
544 951 607 993 oum
619 934 720 1012 quovis
736 949 857 1012 oorpore
873 942 902 993 ut
917 951 984 997 esse

156 1035 244 1100 posse
258 1017 340 1078 auimi
355 1025 452 1076 natura
465 1025 579 1095 putetur
592 1015 814 1095 consiliumque;

156 1103 230 1162 siout
241 1102 269 1161 in
283 1099 400 1160 aethere
415 1116 471 1158 non
482 1099 583 1178 arhor,
597 1117 654 1161 non
668 1118 794 1179 aequore
807 1099 885 1160 salso

155 1185 247 1246 nubes
260 1202 327 1244 esse
342 1192 465 1261 queunt,
478 1201 573 1261 neque
587 1186 685 1263 pisoes
701 1185 799 1243 vivere
814 1185 841 1242 in
853 1187 946 1263 arvis,

93 1278 144 1332 130
154 1287 209 1329 neo
224 1285 309 1328 cruor
320 1269 348 1325 in
359 1267 444 1344 lignis
455 1285 549 1344 neque
563 1268 639 1327 saxis
651 1284 737 1327 sucus
749 1267 856 1326 inesse.

157 1361 266 1413 eentum
276 1368 311 1411 ao
323 1348 518 1429 dispositumst
530 1349 577 1408 ubi
590 1348 724 1428 quioquid
741 1359 854 1409 creseat
868 1360 896 1410 et
908 1352 982 1410 insit.

155 1435 199 1495 sio
210 1434 291 1494 animi
302 1443 399 1494 natura
410 1435 509 1511 nequit
521 1434 582 1492 sine
595 1448 718 1510 conpore
731 1434 796 1492 oriri

156 1517 217 1578 sola
228 1536 322 1595 neque
335 1536 350 1576 a
365 1518 460 1578 nervis
474 1526 502 1577 et
514 1518 650 1594 sanguine
662 1514 787 1594 longiten
798 1534 875 1576 esse.

157 1601 223 1680 quid
234 1603 258 1661 si
273 1610 372 1680 posset
384 1596 478 1661 enimi
489 1598 576 1659 multo
588 1601 665 1678 prius
677 1601 740 1679 ipsa
752 1601 834 1658 animi
847 1602 889 1660 vis

93 1694 143 1748 135
158 1687 186 1744 in
199 1686 291 1763 eapite
303 1695 349 1745 aut
362 1684 466 1744 umeris
478 1693 526 1744 aut
539 1684 600 1743 imis
612 1682 738 1743 oaloibus
755 1701 822 1744 esse

156 1777 271 1848 posset,
284 1777 313 1828 et
324 1769 431 1828 innasoi
444 1768 542 1847 quavis
555 1769 583 1827 in
595 1776 674 1846 parte
686 1766 795 1828 soleret

154 1852 265 1912 tandem
276 1853 304 1910 in
315 1850 416 1911 eodem
429 1851 541 1911 homine
552 1861 637 1930 atque
649 1853 676 1910 in
688 1852 790 1911 eodem
802 1868 870 1912 vase
881 1868 1003 1911 manere.

156 1934 372 2013 quodquoniam
386 1944 484 1994 nostro
499 1952 613 2013 quoque
626 1945 737 1995 constat
753 1952 875 2014 conpore
889 1945 1012 2012 eentum,

155 2018 379 2097 dispositumque
392 2016 505 2075 videtur
516 2017 563 2076 ubi
576 2036 644 2077 esse
656 2025 685 2077 et
701 2036 837 2093 creseere
850 2020 942 2096 possit

90 2111 142 2167 140
153 2117 283 2162 seorsum
295 2101 383 2157 anima
394 2107 479 2176 atque
490 2101 596 2158 animus
608 2145 616 2174 ,
627 2109 703 2160 tanto
717 2103 805 2178 magis
816 2101 984 2162 infitiandum

155 2193 244 2243 totum
255 2198 344 2260 posse
356 2189 435 2240 extra
447 2197 551 2260 corpus
565 2182 738 2260 formamque
749 2183 895 2246 animalem

155 2266 283 2346 putribus
295 2266 323 2323 in
335 2264 429 2343 glebis
439 2275 575 2326 ternarum
586 2274 632 2326 aut
644 2264 714 2326 solis
729 2268 825 2346 luigni

155 2352 238 2411 autin
252 2366 323 2428 aqua
336 2348 435 2408 durare
448 2360 495 2409 aut
507 2349 570 2410 altis
585 2348 708 2412 aetheris
720 2353 787 2412 oris.

52 2486 53 2489 ,
155 2433 228 2493 haud
238 2435 323 2511 igitur
334 2443 463 2494 constant
477 2433 571 2494 divino
584 2433 711 2514 praedita
722 2455 827 2513 sensu,

92 2529 142 2581 145
155 2516 378 2596 quandoquidem
389 2528 534 2597 nequeunt
547 2518 670 2579 vitaliter
681 2539 748 2580 esse
761 2522 886 2580 animata.

196 2599 270 2660 lllud
282 2603 349 2661 item
359 2619 415 2661 nou
429 2611 473 2662 est
486 2612 515 2662 ut
527 2605 622 2680 possis
636 2603 772 2679 eredere,
785 2602 871 2663 sedes

156 2702 223 2744 esse
235 2684 317 2744 deum
329 2693 443 2744 sanetas
455 2685 482 2742 in
495 2684 589 2743 mundi
602 2685 729 2762 partibus
744 2685 820 2745 ullis.

154 2768 245 2828 tenvis
256 2768 329 2828 enim
341 2777 438 2826 natura
449 2765 532 2825 deum
543 2765 687 2844 longeque
699 2776 807 2827 remota

154 2851 286 2911 sensibus
300 2850 452 2910 abnostris
467 2849 549 2907 animi
560 2850 608 2907 vix
619 2858 713 2909 mente
728 2849 852 2916 videtum

92 2943 143 2996 150
153 2950 226 3012 quae
239 2935 368 3012 quoniam
380 2949 507 2992 manuum
522 2942 627 2993 tautum
639 2931 755 3011 suffugit
766 2943 795 2993 et
809 2933 909 3010 lotum,

153 3015 251 3077 tactile
261 3016 299 3076 nil
310 3017 392 3077 nobis
408 3015 484 3094 quod
496 3017 532 3077 sit
545 3017 711 3093 contingere
728 3017 830 3077 debet:

153 3110 271 3177 tangere
286 3101 359 3160 enim
370 3117 426 3159 non
440 3101 499 3179 quit
511 3100 587 3179 quod
598 3101 675 3178 tongi
689 3117 745 3159 non
756 3098 825 3162 lieet
836 3101 936 3180 ipsum.

153 3200 240 3261 quare
255 3185 338 3244 etiam
352 3183 439 3245 sedes
450 3202 565 3263 quoque
580 3185 684 3246 nostris
697 3183 812 3246 sedibus
825 3203 893 3246 esse

153 3264 306 3327 dissimiles
319 3266 441 3344 debent,
453 3276 568 3328 tenuest
579 3267 604 3329 si
618 3269 715 3347 oonpu'
730 3268 862 3338 ‹leonum;

92 3360 139 3414 155
154 3367 226 3427 quae
242 3350 292 3410 tibi
304 3352 446 3429 posterius
458 3350 539 3430 largo
553 3367 685 3412 sermone
696 3353 834 3432 probabo.

153 3431 250 3494 dicere
261 3449 347 3512 porro
358 3433 498 3494 hominum
513 3452 597 3495 eausa
608 3433 736 3497 voluisse
749 3455 849 3517 parare
885 3440 910 3580 ’9

109 3520 264 3574 Lucasmus.
386 3530 390 3539 ‘
638 3557 642 3565 ‚
954 3543 959 3551 ·
