2340 3922
131 282 194 349 182
610 288 650 348 Vl

213 465 241 515 et
253 456 323 515 satis
335 454 409 515 baec
420 453 507 516 tellus
519 455 602 515 nobis
615 455 782 536 caelumque
794 457 859 519 mali
871 458 945 536 fert,

212 538 286 598 unde
298 547 383 616 queat
393 538 437 598 vis
448 538 577 598 immensi
590 557 783 617 procrescere·
793 542 893 601 morbi.

146 631 197 685 665
209 624 253 682 sic
264 624 350 699 igitur
360 622 413 680 toti
429 619 512 682 caelo
523 630 676 701 terraeque
688 624 868 702 putandumst

209 724 246 765 ex
258 704 365 765 inlinito
377 706 445 764 satis
458 707 549 765 omnia
560 706 763 786 suppeditare,

208 788 284 849 unde
296 797 418 867 repente
430 799 516 867 queat
531 788 618 850 tellus
632 808 773 853 concussa
784 794 892 851 moueri

207 891 319 951 perque
331 890 407 932 mare
419 890 454 933 ac
465 883 556 933 terras
567 874 682 953 rapidus
695 893 867 954 percurrere
878 877 980 953 turbo,

206 959 281 1034 ignis
298 955 440 1016 abundare
452 956 616 1033 Aetnaeus,
630 957 826 1019 flammescere
840 959 966 1019 caelum:

144 1047 197 1103 670
207 1040 234 1100 id
247 1057 363 1118 quoque
376 1041 450 1098 enim
461 1039 508 1116 dt,
522 1049 551 1099 et
563 1039 717 1101 ardescunt
729 1041 867 1102 caelestia
877 1041 1000 1122 templa²

208 1134 238 1184 et
249 1130 437 1201 tempestates
452 1122 567 1201 pluviae
580 1126 713 1201 graviore
726 1135 827 1185 coortu

207 1217 290 1283 sunt,
302 1207 351 1266 ubi
362 1205 437 1266 forte
449 1207 487 1267 ita
498 1225 531 1267 se
543 1207 700 1268 tetulerunt
711 1210 817 1269 semina
828 1224 971 1288 aquarum.

208 1283 251 1350 ‘at
263 1292 343 1350 nimis
355 1300 400 1350 est
411 1292 514 1368 ingens
526 1291 639 1351 incendi
651 1292 780 1352 turbidus
793 1290 895 1352 ardon*
911 1356 915 1362 ,

207 1374 338 1451 scilicet,
350 1383 379 1433 et
390 1373 491 1435 fluvius
504 1376 596 1454 quiuis
608 1385 654 1437 est
665 1377 801 1436 maximus
814 1378 840 1436 ei

143 1467 194 1523 615
206 1461 319 1538 quinon
330 1466 394 1517 ante
406 1457 531 1536 aliquem
540 1462 674 1520 maiorem
685 1459 754 1520 vidit
764 1506 773 1537 ,
785 1469 815 1520 ct
827 1460 929 1538 ingens

208 1544 292 1603 arbor
302 1540 446 1620 homoque
459 1542 587 1620 uidetur,
600 1553 629 1603 et
641 1546 733 1604 omnia
745 1542 780 1604 de
792 1562 901 1622 genere
914 1546 989 1604 omni

207 1629 324 1686 maxima
336 1643 409 1703 quae
421 1625 490 1685 uidit
502 1627 639 1706 quisque,
651 1626 724 1688 baec
737 1629 862 1705 ingentia
874 1628 970 1706 lingit,

207 1729 270 1770 cum
281 1719 374 1769 tamen
387 1711 479 1770 omnia
491 1727 555 1770 cum
570 1710 653 1771 caelo
665 1720 797 1791 terraque
809 1712 935 1791 marique

206 1793 244 1852 nil
258 1795 312 1852 sint
323 1791 357 1851 ad
370 1810 505 1852 summam
515 1797 631 1853 summai
643 1797 729 1855 totius
742 1812 860 1854 omnem.
908 1858 910 1862 ,

143 1886 195 1941 660
249 1875 330 1935 Ν666
345 1884 439 1935 tamen
449 1875 498 1935 illa
509 1874 600 1936 modis
617 1878 719 1955 quibus
732 1879 841 1937 inritata
852 1887 973 1957 repente

207 1962 314 2020 damma
325 1958 401 2020 foras
414 1961 503 2021 vastis
514 1960 624 2020 Aetnae
637 1959 800 2022 fornacibus
812 1961 909 2040 eidet,

206 2043 365 2123 expediam.
383 2045 503 2123 primum
516 2046 603 2104 totius
615 2046 739 2106 subcava
750 2048 852 2106 montis

208 2138 254 2189 est
266 2138 379 2206 natura,
392 2128 454 2189 fere
468 2127 580 2190 silicum
592 2128 706 2189 suffulta
717 2133 856 2191 cavernis.

207 2213 337 2272 omnibus
349 2223 394 2273 est
406 2230 492 2292 porro
504 2215 531 2271 in
544 2212 691 2291 speluncis
703 2224 805 2275 ventus
818 2224 847 2274 et
858 2220 917 2274 abr.

143 2306 193 2359 685
208 2306 311 2357 ventus
324 2299 399 2356 enim
413 2297 459 2373 dt,
472 2297 519 2356 ubi
532 2306 577 2356 est
587 2296 718 2374 agitando
729 2301 857 2377 percitus
868 2304 932 2357 aer:

207 2381 254 2440 hic
266 2380 313 2438 ubi
326 2380 466 2458 percaluit
478 2378 670 2458 calefecitque
683 2383 775 2441 omnia
787 2383 893 2441 circum

208 2481 275 2524 saxa
286 2463 401 2538 furens,
415 2481 469 2540 qua
482 2464 637 2540 contingit,
651 2472 830 2542 terramque,
845 2473 874 2522 et
885 2463 920 2522 ab
932 2461 998 2523 ollis

208 2548 336 2607 excussit
351 2545 472 2605 calidum
483 2545 599 2605 dammis
614 2545 765 2606 velocibus
776 2548 890 2624 ignem,

207 2629 281 2690 tollit
293 2647 325 2689 se
337 2648 371 2690 ac
382 2631 470 2690 rectis
482 2630 519 2689 ita
531 2629 660 2689 faucibus
671 2631 738 2690 eicit
749 2629 817 2694 alte.

104 2742 108 2747 ·
143 2723 195 2778 690
209 2715 265 2774 fert
276 2715 371 2792 itaque
385 2714 514 2774 ardorem
527 2712 632 2792 longe,
644 2713 788 2793 longeque
801 2713 925 2774 fauillam

208 2799 319 2875 differt,
332 2808 361 2859 et
374 2816 470 2859 crassa
480 2797 570 2858 voluit
584 2799 704 2877 caligine
716 2800 838 2878 fumum,
936 2796 938 2800 ’

208 2883 387 2962 extruditque
398 2881 481 2943 simul
494 2882 619 2942 mirando
631 2883 759 2962 pondere
771 2902 853 2950 saxa:

208 2985 244 3026 ne
257 2965 369 3026 dubites
382 2969 448 3044 quin
458 2966 531 3026 haec
547 2968 645 3026 animai
656 2967 765 3027 turbida
777 2969 814 3027 sit
825 2969 877 3025 vis.

207 3058 357 3127 praeterea
368 3068 468 3127 magna
480 3068 516 3108 ex
530 3053 602 3129 parti
616 3068 691 3110 mare
704 3051 806 3109 montis
818 3047 853 3107 ad
865 3051 928 3109 eius

145 3140 196 3194 695
209 3132 321 3192 radices
333 3133 436 3211 frangit
448 3134 551 3194 ductus
564 3143 730 3212 aestumque
741 3130 883 3191 resorbet.

210 3234 248 3276 ex
261 3215 317 3276 hoc
329 3234 420 3294 usque
430 3219 498 3276 mari
509 3215 666 3296 speluncae
677 3216 779 3275 montis
790 3211 824 3272 ad
835 3211 906 3272 ultas

211 3302 379 3379 perveniunt
392 3301 491 3360 subter
504 3300 612 3360 lauces.
625 3299 680 3360 bac
691 3300 732 3357 irc
743 3293 913 3356 fatendumst

212 3393 241 3444 et
252 3391 402 3462 penetrare
415 3385 497 3444 maris
509 3386 622 3463 penitus
635 3390 772 3463 percocta
783 3381 811 3437 in
822 3387 951 3455 apertum

209 3478 294 3546 atquc
309 3465 408 3527 efflare
420 3464 513 3544 foras,
526 3467 649 3545 ideoque
662 3462 803 3526 extollere
815 3460 952 3520 dammam

147 3558 200 3615 too
209 3570 333 3633 saxaque
345 3551 507 3614 subiectare
523 3560 552 3611 et
563 3568 665 3612 arenae
675 3546 779 3610 tollere
790 3544 911 3605 nimbos.
