2340 3854
554 224 594 284 vt

155 403 251 472 tecta,
265 395 339 455 viam
352 401 485 472 propter,
499 409 557 453 non
566 408 668 470 magno
680 390 810 470 pondere
821 401 896 468 tota,

91 491 145 544 550
158 497 215 540 000
225 479 317 538 minus
332 475 475 555 exaltant,
489 485 518 536 et
530 476 578 536 ubi
593 474 660 554 lapi’
673 493 794 554 cumque
805 477 860 535 viai

158 564 281 624 ferratos
295 561 437 638 utrimque
451 570 576 622 rotarmu
590 560 716 620 succutit
727 560 824 619 orbes.

158 647 188 706 tit
201 652 334 725 quoque,
346 643 394 703 ubi
405 645 433 703 in
444 662 561 721 magnas
573 649 664 720 aquae
675 651 829 721 vastasque
845 641 962 706 lucunas

104 733 107 739 '
156 728 244 807 gleba
255 735 514 789 vetustatecterra
525 725 703 806 provolvitur
713 727 833 804 ingens,

156 821 188 873 ut
199 814 321 873 iactetur
331 829 422 888 aquae
436 810 523 870 ductu
535 828 650 888 quoque
663 819 738 870 terra
749 810 901 879 ‘vacillaum

92 907 143 962 555
155 906 186 957 ut
196 913 247 956 vas
257 893 405 956 interdum
416 911 472 954 non
485 895 545 971 quit
557 903 707 971 constare,
722 895 777 953 nisi
789 911 869 954 umor

157 980 265 1040 destitit
276 980 305 1038 in
316 977 402 1038 dubio
415 977 501 1037 lluctu
514 979 646 1038 iactarier
656 978 741 1038 intus.

199 1062 353 1124 Praeterea
363 1070 465 1121 ventus
479 1079 608 1139 comper
622 1060 687 1121 loca
699 1062 824 1122 subcava
836 1072 930 1123 terrae

158 1145 301 1207 collectus
312 1153 393 1224 parte
405 1163 442 1205 ex
455 1162 509 1203 uua
520 1145 681 1223 procumbit
693 1154 722 1205 et
737 1156 821 1221 urget

157 1230 278 1291 obnixus
289 1230 397 1305 magnis
413 1226 566 1308 speluncas
579 1229 686 1288 viribus
699 1226 789 1305 altas,

94 1325 147 1379 550
160 1312 297 1374 incumbit
308 1311 395 1373 tellus
411 1328 468 1390 quo
480 1312 558 1372 venti
569 1329 659 1390 prona
670 1314 772 1390 premit
782 1313 841 1371 vis:

157 1407 215 1458 tum
227 1414 332 1476 supera
343 1405 446 1455 terram
458 1413 531 1474 quae
543 1405 609 1456 sunt
624 1405 754 1455 extructa
766 1395 928 1474 domorum,

156 1481 192 1543 ad
205 1480 376 1559 caelumque
389 1482 479 1556 magis
493 1490 597 1558 quanto
610 1489 675 1540 suut
687 1480 762 1539 edita
773 1497 922 1559 quaeque,

157 1563 291 1625 inclinata
304 1565 408 1624 abeunt
419 1565 448 1622 in
460 1563 579 1623 eandem
592 1563 702 1643 prodita
714 1574 841 1642 partem,

157 1657 379 1730 protractaeque
390 1647 488 1707 trabes
501 1648 657 1725 inpendent
670 1648 712 1706 ire
725 1657 848 1726 paratae.

92 1743 145 1800 555
158 1741 188 1795 et
202 1738 335 1792 metuunt
344 1733 438 1808 magni
449 1740 574 1791 naturam
586 1730 706 1792 credere
718 1730 812 1790 mundi

157 1815 271 1878 exitiale
284 1814 399 1893 aliquod
411 1822 523 1893 tempus
536 1814 705 1894 clademque
715 1833 847 1894 manere,

158 1919 222 1963 cum
230 1899 345 1960 videant
357 1909 459 1959 tantam
469 1908 607 1959 terrarum
619 1900 785 1960 incumbere
796 1899 915 1960 molem!

157 1984 234 2064 quod
245 1984 299 2044 nisi
310 1984 455 2061 respirent
469 1987 563 2061 venti,
575 1985 619 2043 vis
632 1983 708 2042 nulla
719 1984 848 2043 refrenet

156 2088 205 2130 res
216 2085 311 2147 neque
323 2067 358 2126 ab
371 2067 457 2127 exitio
469 2068 562 2145 possit
571 2066 786 2144 reprehendere
799 2069 907 2127 euntis:

91 2163 145 2219 570
158 2171 234 2213 0000
245 2154 310 2229 quia
321 2153 464 2229 respirant
476 2150 592 2211 alternis
604 2151 689 2229 inque
701 2160 874 2227 gravescunt

157 2247 187 2298 et
199 2237 280 2316 quasi
291 2234 408 2295 collecti
418 2234 538 2295 redeunt
550 2234 711 2311 ceduntque
723 2234 848 2312 repulsi,

157 2322 273 2399 saepius
285 2319 357 2379 hanc
369 2319 407 2378 ob
420 2336 480 2378 rem
490 2320 632 2379 minitatur
641 2328 717 2379 terra
726 2320 820 2377 ruinas

158 2421 241 2484 quam
252 2402 336 2463 iacit:
350 2401 502 2462 inclinatur
516 2405 590 2463 enim
601 2408 738 2481 retroque
749 2401 880 2479 recellit,

157 2497 186 2548 et
197 2488 301 2565 recipit
314 2485 448 2565 prolapsa
459 2504 525 2547 suas
540 2488 567 2546 iu
579 2488 706 2565 pondera
718 2486 814 2548 sedes.

92 2581 145 2637 575
158 2571 214 2631 bac
224 2572 311 2648 igitur
320 2571 429 2630 ratione
441 2569 575 2630 vacillant
586 2572 677 2630 omnia
689 2580 766 2631 tecta

158 2672 265 2716 summa
275 2656 365 2731 magis
377 2653 495 2731 mediis,
508 2654 601 2713 media
614 2656 693 2729 imis,
706 2656 759 2712 ima
772 2653 921 2732 perhilum.

198 2736 252 2799 Est
264 2736 338 2797 baec
352 2737 481 2797 eiusdem
494 2754 609 2815 quoque
620 2738 712 2813 magui
724 2754 808 2796 causa
820 2736 968 2807 tremoris,

157 2831 260 2882 ventus
272 2821 320 2880 ubi
331 2829 417 2899 atque
429 2822 535 2880 animae
547 2820 641 2880 subito
653 2821 696 2879 vis
709 2821 828 2878 maxima
840 2816 977 2895 quaedam

157 2915 204 2966 aut
216 2905 397 2966 extrinsecus
408 2914 454 2964 aut
466 2907 528 2982 ipsa
542 2903 645 2964 tellure
659 2913 756 2963 coorta

92 2999 145 3054 580
158 2992 188 3050 in
198 2988 265 3050 loca
276 3007 309 3049 se
322 3006 389 3048 cava
399 2990 485 3048 terrai
497 2990 637 3063 coniecit,
650 2988 746 3065 ibique

158 3071 313 3152 speluncas
327 3074 401 3132 inter
412 3088 528 3148 magnas
540 3072 634 3131 fremit
644 3079 708 3130 ante
721 3067 841 3129 tumultu

158 3155 395 3235 versabundaque
407 3163 549 3234 portatur,
562 3164 628 3233 post
639 3155 725 3214 incita
737 3171 801 3212 curu
812 3153 856 3212 vis

159 3242 300 3318 exagitata
311 3240 388 3301 ioras
399 3240 554 3318 erumpitur
566 3247 596 3297 et
606 3236 688 3298 simul
703 3236 786 3297 altam

160 3322 310 3385 diffindens
322 3332 426 3384 terram
436 3340 567 3401 magnum
580 3322 729 3382 concinnat
739 3320 853 3382 hiatum.

95 3418 148 3474 585
162 3411 191 3469 in
202 3408 284 3484 Syria
293 3406 399 3468 Sidone
412 3408 489 3487 quod
499 3405 603 3468 accidit
614 3414 643 3466 et
652 3406 705 3466 luit
716 3405 793 3483 Aegi

160 3490 420 3573 inl’eloponncsc,
434 3488 778 3572 qursexitusbicauimai
844 3552 910 3632 Ψ
