2340 3854
138 139 201 205 178
619 136 660 197 v1

227 308 312 387 copia
320 304 480 366 nimborum
491 306 573 367 turba
583 306 690 366 maiore
701 313 802 365 coacta

223 399 325 468 urget,
341 387 378 448 de
389 406 497 467 supero
507 390 610 469 premit
620 434 630 467 ,
640 407 675 449 ac
684 388 753 449 iacit
764 386 885 448 eilluere
895 388 1003 452 imbris.

224 482 374 554 praeterea
385 490 449 532 cum
459 482 609 534 rarescunt
620 489 736 550 quoque
747 469 844 531 nubila
854 473 948 532 ventis

223 567 271 617 nut
285 554 495 634 dissolvuntur,
510 555 582 618 solis
594 574 684 635 super
693 557 750 615 icta
764 553 879 633 calore,

160 652 212 704 515
227 643 477 701 mittunt'umorem
488 639 630 719 pluvium,
646 637 829 716 rutilantque,
844 640 924 718 quusi
939 642 999 719 igni

225 742 291 784 cere
303 740 392 803 snper
402 721 496 783 calido
506 723 661 784 tabescens
672 721 758 782 multe
769 721 920 801 liquescat.

224 808 277 869 sed
288 824 407 866 vemens
418 805 509 866 imber
520 807 568 883 lit,
584 807 631 866 ubi
645 814 795 866 vementer
807 815 927 884 utraque

224 888 319 950 nubila
330 890 358 947 vi
371 888 511 950 cumulata
521 898 688 969 premuntur
699 890 845 968 etimpete
857 891 944 951 venti.

225 983 252 1034 at
262 989 411 1032 remanere
422 971 470 1032 diu
479 970 594 1051 pluviae
607 971 781 1051 longumque
791 975 895 1033 morari

158 1066 211 1119 520
227 1064 416 1132 consuerunt,
427 1055 573 1116 ubimulta
586 1058 696 1117 cientur
706 1057 814 1116 semina
824 1074 975 1137 aquosum,

223 1150 311 1219 atque
324 1137 387 1199 aliis
400 1137 474 1199 aliae
487 1140 578 1200 nubes
589 1140 733 1219 nimbique
744 1141 871 1216 rigantes

223 1225 341 1302 insuper
349 1232 436 1302 atque
447 1225 522 1283 omni
532 1223 621 1300 vulgo
633 1223 668 1284 de
679 1232 761 1303 parte
774 1222 919 1302 feruntur,

224 1317 357 1385 terraque
370 1323 434 1366 cum
445 1305 555 1368 fumans
567 1324 694 1368 umorem
704 1314 764 1366 tota
775 1305 911 1368 redbalat.

223 1389 272 1450 hic
284 1390 333 1449 ubi
344 1389 388 1450 sol
400 1390 504 1466 radiis,
515 1399 716 1469 tempestatem
726 1391 800 1449 inter
810 1407 947 1470 opacum,

160 1484 211 1535 525
226 1473 346 1533 adversa
357 1471 436 1533 iulsit
446 1474 604 1533 nimborum
614 1475 766 1553 aspargine
780 1484 896 1551 contra,

224 1567 285 1617 tum
297 1556 417 1617 colorin
432 1557 520 1634 nigris
533 1559 630 1618 existit
640 1557 763 1616 nubibus
772 1558 861 1635 arqui.

266 1639 370 1701 Cetera
385 1658 458 1719 quae
470 1658 601 1702 seorsum
614 1649 748 1701 crescunt
760 1658 949 1720 seorsumque
961 1652 1108 1720 mutu,

224 1735 253 1785 et
265 1742 337 1801 quae
351 1733 542 1783 concrescunt
552 1727 580 1782 in
591 1724 730 1800 nubibus,
743 1724 851 1802 omnia,
863 1741 997 1803 prorsum

226 1809 335 1883 omnia,
347 1808 412 1883 nix,
423 1809 518 1884 venti,
532 1806 658 1885 grando,
670 1806 842 1885 gelidaeque
853 1809 989 1888 pruinae,

159 1901 212 1953 530
227 1901 256 1951 et
267 1893 311 1951 vis
322 1908 423 1968 magna
434 1889 510 1967 geli,
522 1908 653 1968 magnum
665 1890 798 1951 duramen
809 1909 962 1970 aquarum,

224 1984 253 2035 et
264 1992 342 2034 mora
354 1991 427 2052 quae
439 1974 541 2035 duvios
553 1977 659 2054 passim
670 1973 795 2035 refrenat
808 1977 919 2053 euntis,

224 2057 392 2138 perfacilest
407 2067 501 2118 tamen
511 2058 584 2119 haec
594 2060 725 2138 reperire
740 2059 890 2137 animoque
900 2058 1002 2121 vidoro

225 2143 316 2201 omnia
328 2159 386 2219 quo
402 2151 488 2219 pacto
500 2143 566 2202 liant
578 2159 703 2220 quareve
715 2151 865 2218 creentur,

226 2244 289 2285 eum
302 2224 377 2284 bene
391 2227 526 2301 cognoris
541 2225 692 2287 elementis
703 2224 813 2285 reddita
824 2243 898 2304 quac
910 2227 976 2287 sint.

159 2316 212 2370 535
267 2307 349 2367 Nunc
361 2325 434 2384 age,
447 2326 520 2387 quae
531 2311 602 2370 ratio
612 2311 700 2369 terrai
711 2309 835 2369 motibus
846 2317 926 2369 extet

224 2393 355 2469 percipe.
369 2401 398 2450 et
409 2392 437 2449 in
449 2393 546 2469 primis
558 2401 661 2452 terrum
671 2392 718 2452 iac
729 2401 759 2452 ut
771 2411 839 2453 esse
850 2394 940 2454 rearis

224 2483 326 2550 supter
335 2475 404 2533 item
415 2482 446 2532 ut
456 2490 562 2551 supera
573 2477 701 2538 ventosis
711 2474 835 2553 undique
846 2474 960 2554 plenum

225 2556 390 2635 speluncis,
403 2556 565 2637 multosque
577 2558 656 2620 lacus
667 2558 828 2638 multasque
839 2557 958 2620 lucunas

224 2643 253 2701 in
267 2643 377 2719 gremio
391 2660 495 2720 gerere
507 2651 537 2703 et
548 2661 635 2723 mpes
650 2644 827 2722 deruptaque
839 2659 921 2703 sua:

160 2733 214 2787 540
228 2725 371 2804 multaque
384 2727 437 2786 sub
453 2737 537 2803 tergo
549 2729 635 2788 terrai
647 2727 759 2787 llumina
770 2736 847 2788 tecta

225 2808 345 2871 volvere
357 2812 384 2869 vi
397 2810 501 2871 ductus
513 2829 726 2888 summersaque
740 2828 808 2872 saxa
819 2807 1016 2888 putandumst:

228 2894 351 2973 undique
363 2897 437 2954 enim
449 2894 569 2956 similem
581 2914 649 2955 esse
661 2897 704 2955 sui
719 2914 766 2956 res
779 2892 905 2973 postulat
915 2895 988 2972 ipsa.

226 2977 269 3037 bis
281 2979 367 3055 igitur
376 2979 464 3041 rebus
475 2979 633 3040 subiunctis
643 2980 859 3058 suppositisque

225 3070 301 3121 terre
312 3080 437 3140 superne
447 3065 541 3123 tremit
552 3064 660 3140 maguis
673 3080 813 3124 concussa
823 3063 928 3139 ruinis,

161 3153 213 3205 545
229 3145 329 3205 subter
339 3146 387 3206 ubi
399 3149 522 3224 ingentis
533 3145 688 3224 speluncas
700 3148 810 3207 subruit
821 3156 914 3206 oetas:

225 3230 336 3307 quippe
348 3229 451 3290 cadunt
461 3233 513 3291 toti
524 3241 653 3308 montes,
664 3248 825 3308 magnoque
839 3236 960 3308 repente

227 3329 371 3373 concussu
383 3311 440 3373 late
452 3314 614 3394 disserpunt
624 3314 689 3375 inde
700 3325 850 3375 tremores.

226 3405 256 3456 et
266 3398 386 3476 merito,
402 3400 533 3476 quomam
542 3398 661 3476 plaustri
674 3416 815 3460 concussa
826 3403 1003 3458 tremescunt
