2340 3922
134 225 197 290 152
249 324 251 328 Α
625 225 651 286 V

220 395 363 473 posterius
374 393 509 454 tremulus
522 411 610 474 super
620 391 718 452 ulcera
729 402 803 452 tetra
815 403 947 456 tenentes

219 477 326 557 palmas
338 476 485 538 horriferis
496 478 627 537 accibant
637 475 758 535 vocibus
773 475 892 555 Orcum,

154 568 205 622 995
220 561 343 639 donique
355 577 407 620 eos
418 561 475 620 vita
489 562 632 639 privarant
643 561 768 619 vermina
779 577 882 636 saeva,

218 645 345 722 expertis
357 646 439 723 opis,
454 645 567 720 ignaros
581 642 647 722 quid
658 641 775 703 volnera
785 642 901 703 vellent.

217 736 245 787 at
258 743 315 787 non
325 726 411 788 multa
422 728 511 786 virum
522 729 575 788 sub
588 728 677 805 siguis
690 725 765 787 milia
775 726 858 787 ducta

218 828 271 871 una
284 810 345 871 dies
358 810 440 871 dabat
451 813 556 887 exitio,
571 829 626 871 nec
638 809 747 869 turbida
757 811 837 889 ponti

217 911 342 971 aequora
354 894 489 970 figebant
500 896 579 955 navis
592 893 626 954 ad
639 911 706 954 sana
717 894 861 972 virosque.

134 985 202 1039 1000
217 976 263 1036 bio
274 986 383 1036 temere
395 979 424 1034 in
436 993 547 1037 cassum
557 977 660 1037 frustra
672 993 748 1037 mare
761 994 849 1056 saepe
861 986 991 1038 coortum

218 1061 345 1121 saevibat
357 1060 515 1138 leviterque
530 1063 618 1121 minas
629 1060 754 1138 ponebat
766 1061 873 1136 inanis,

217 1162 272 1204 neo
285 1152 396 1222 poterat
407 1158 576 1221 quemqnam
586 1141 691 1223 placidi
704 1141 826 1221 pellacia
836 1145 916 1222 ponti

218 1226 337 1288 subdola
349 1225 489 1307 pellicere
504 1229 531 1286 iu
543 1226 669 1287 fraudem
684 1225 841 1286 ridentibus
851 1226 941 1287 nudis.

220 1311 359 1391 [improba
369 1311 473 1387 navigii
486 1313 558 1372 ratio
569 1320 628 1369 tnrn
643 1326 729 1370 caeca
744 1310 865 1388 iacebat]

136 1403 202 1455 1005
218 1403 276 1454 tum
287 1394 403 1473 penuria
415 1392 516 1453 deinde
528 1395 584 1454 cibi
594 1393 754 1472 languentia
767 1391 828 1452 leto

218 1479 343 1538 mambra
355 1476 455 1553 dabat,
471 1487 569 1537 contra
579 1495 653 1537 nnnc
664 1493 758 1536 rernm
770 1479 852 1555 copia
863 1485 975 1537 mersat.

217 1560 258 1619 illi
273 1559 458 1636 inprudentes
469 1560 524 1637 ipsi
537 1561 590 1620 sibi
601 1568 692 1637 saepe¹
703 1576 843 1618 venenum

219 1643 395 1720 vergebant,
406 1659 481 1700 nunc
493 1642 558 1704 daut
569 1645 640 1702 aliis
653 1641 799 1703 sollertius
812 1645 913 1720 ipsum.

260 1725 328 1785 luda
345 1742 426 1786 casas
438 1734 587 1804 postquam
598 1743 633 1786 ac
644 1725 729 1803 pellis
740 1728 893 1804 ignemque
903 1735 1054 1806 pararunt,

135 1818 203 1871 1010
214 1817 244 1868 01
254 1808 356 1867 mulier
367 1808 517 1868 coniuncta
531 1810 592 1867 viro
608 1809 752 1868 concessit
763 1810 791 1866 in
802 1826 885 1866 nuum

219 1891 396 1968 coniugium,
411 1889 580 1970 prolemque
593 1909 672 1951 exse
683 1890 782 1950 videre
795 1901 935 1971 creatam,

217 1983 275 2033 tum
289 1991 381 2052 genus
396 1972 545 2032 bumannm
560 1975 679 2052 primum
690 1971 862 2034 mollescere
875 1977 980 2055 coepit.

218 2058 291 2134 iguis
303 2059 376 2116 enim
391 2057 498 2116 curavit
511 2067 542 2116 nt
555 2055 625 2117 alsia
636 2072 757 2136 corpora
767 2056 857 2135 frigus

218 2155 275 2199 non
286 2142 324 2200 ita
335 2142 389 2200 iam
400 2150 519 2218 possent
531 2140 604 2200 caeli
619 2141 671 2200 snb
687 2142 811 2218 tegmine
823 2141 918 2222 ferre,

135 2232 203 2285 1015
217 2231 247 2284 01
257 2222 356 2283 Venus
368 2225 493 2283 inminuit
503 2225 588 2301 viris,
600 2226 739 2305 puerique
750 2233 896 2302 parentum

219 2304 361 2367 blanditiis
373 2305 457 2366 facile
468 2307 612 2384 ingenium
623 2306 739 2383 fregere
751 2308 914 2384 superbum.

218 2398 285 2448 tuno
299 2398 328 2448 et
338 2390 489 2448 amicitiem
504 2399 660 2467 coeperunt
674 2392 793 2466 iungere
804 2399 924 2450 aventes

219 2471 325 2531 finitimi
336 2472 408 2530 inter
419 2489 450 2532 se
463 2488 518 2530 nec
530 2470 645 2531 laedere
657 2489 712 2531 nec
723 2470 840 2548 violari,

219 2562 248 2613 01
263 2569 369 2632 pueros
382 2552 610 2614 commendarunt
620 2554 816 2634 muliebreque
829 2553 971 2632 saeclum,

135 2647 203 2699 1010
216 2637 336 2696 vocibus
348 2644 377 2696 et
388 2645 473 2712 gestu
485 2653 548 2695 cnm
558 2635 643 2697 balbe
655 2638 846 2714 significarent

218 2717 425 2780 imbecillorum
436 2738 504 2781 0110
514 2737 636 2799 aequum
647 2722 810 2782 misererier
824 2725 923 2783 omnis.

218 2821 273 2863 nec
283 2813 376 2863 tamen
390 2803 680 2883 omnimodis'poternt
693 2805 844 2866 concordia
857 2807 953 2885 gigni,

147 2899 150 2904 '
218 2886 271 2946 sed
284 2887 357 2946 bona
370 2904 528 2965 magnaque
539 2905 605 2966 pars
616 2889 747 2949 servabat
758 2889 876 2965 foedera
888 2898 965 2949 01110
977 2910 984 2950 :

218 2978 265 3028 ant
276 2987 367 3046 genus
378 2968 527 3030 humanum
540 2972 593 3030 iam
604 2980 661 3030 tnnr
675 2970 750 3031 foret
764 2988 848 3030 omne
859 2982 1054 3050 peremptum,

134 3061 202 3113 1015
218 3069 273 3110 nec
287 3054 428 3130 potuisset
438 3053 530 3112 adbuc
541 3051 702 3132 perducere
716 3053 813 3114 saecla
824 3070 876 3132 pro
897 3070 962 3129 ago.

259 3133 298 3194 bt
312 3137 405 3195 varios
420 3135 533 3214 linguae
546 3137 655 3196 sonitus
666 3142 763 3194 natura
774 3135 878 3212 subegi

215 3218 345 3294 mittere,
362 3226 392 3276 et
403 3218 506 3279 utilitas
521 3220 663 3297 expressit
674 3219 784 3277 nomina
795 3234 907 3294 rernm,

216 3316 273 3360 non
286 3299 341 3358 alia
350 3297 439 3375 longe
450 3304 558 3362 ratione
568 3312 653 3380 atque
663 3302 725 3380 ipsa
736 3299 848 3359 vldetnr

216 3381 383 3462 protrahere
393 3382 429 3441 ad
440 3393 552 3459 gestum
567 3400 674 3463 pueros
687 3379 800 3442 infantia
814 3383 943 3460 linguae,

136 3474 201 3527 10110
213 3484 276 3530 cnm
287 3465 355 3527 facit
365 3473 396 3524 nt
408 3465 496 3543 digito
512 3484 584 3545 qnae
599 3468 655 3529 sint
665 3464 825 3545 praeseutia
838 3475 1002 3528 monstrent.
