2340 3854
551 170 666 272 111'

154 372 306 435 multorum
320 375 408 436 exitio
424 373 556 454 perdocti
570 373 648 454 quod
659 392 756 437 sumus
766 384 842 436 ante.

156 457 280 536 denique
292 476 359 537 cur,
371 459 513 520 bominem
528 477 592 519 cum
606 461 663 519 vini
674 461 718 520 ris
733 458 895 539 penetrauit

91 547 144 608 ste
157 543 232 603 aeris
244 543 313 604 etin
326 560 415 603 venas
430 541 566 604 discessit
577 542 681 604 diditus
692 542 792 621 ardor,

157 628 343 704 consequitur
352 627 477 704 grauitas
488 626 693 704 membromm‚
706 626 929 706 praepediuntur

157 727 238 771 cmra
252 710 412 788 vacillanti,
427 708 565 770 tardescit
579 708 693 787 lingua,
705 709 801 770 madet
810 727 908 789 mens,

156 804 222 855 nant
235 793 329 871 oculi,
345 791 453 853 clamor
463 792 605 872 singultus
617 795 708 871 iurgia
718 791 862 871 gliscunt,

155 887 185 938 et
195 879 249 938 iam
262 887 359 939 cetera
373 877 410 937 de
421 894 532 955 genere
542 877 600 938 lmc
611 894 809 956 quaecumque
819 886 974 957 secuntur,

90 967 145 1023 48⁰
156 979 208 1021 cur
219 978 253 1023 ea
265 970 347 1040 sunt,
362 962 416 1023 nisi
430 961 506 1039 quod
520 979 639 1024 vemens
651 960 786 1023 violentia
799 962 858 1021 uiui

156 1044 327 1106 conturbare
338 1048 456 1106 animam
471 1048 621 1107 consuevit
633 1062 758 1125 corpore
769 1047 798 1104 in
809 1041 897 1124 ipso?

154 1138 183 1189 ut
198 1147 394 1209 quaecumque
406 1140 514 1209 queunt
527 1131 689 1191 conturbari
702 1132 788 1207 inque
800 1128 909 1206 pediri‚

154 1214 330 1292 significant,
345 1213 431 1292 paulo
442 1216 467 1275 si
479 1213 575 1274 durior
585 1214 730 1274 insinuarit

156 1314 258 1374 eausa,
272 1297 334 1358 iore
346 1306 376 1356 nt
388 1306 507 1375 pereant
521 1314 594 1358 aevo
607 1298 716 1376 priuata
731 1293 836 1354 futuro.

91 1386 143 1442 485
156 1381 223 1458 quin
235 1381 318 1444 etiam
333 1380 429 1440 subito
443 1383 472 1440 vi
487 1381 578 1440 morbi
590 1397 679 1458 saepe
695 1387 813 1438 coactus

155 1472 221 1525 ante
231 1463 334 1524 oculos
345 1462 447 1542 aliquis
459 1472 590 1542 nostros,
606 1473 637 1523 ut
647 1461 772 1523 fulminis
783 1463 859 1539 ictu,

156 1546 280 1607 concidit
291 1557 321 1608 et
332 1564 447 1624 spumas
458 1549 533 1626 agit,
546 1549 663 1625 ingemit
675 1554 706 1607 ct
714 1548 809 1608 tremit
819 1554 914 1624 artus,

157 1629 279 1710 desipit,
291 1641 420 1693 extentat
430 1648 554 1710 uersos,
569 1639 737 1711 torquetur,
748 1630 862 1691 anhelat

155 1717 365 1794 inconstanter,
379 1725 408 1776 et
423 1718 455 1776 in
462 1715 592 1777 iactando
602 1714 727 1776 membra
738 1714 845 1792 fatigat.

91 1805 144 1860 490
157 1801 302 1878 nimirum,
315 1803 380 1878 qula
392 1802 435 1860 tis
447 1800 538 1861 morbi
554 1800 688 1862 distracta
700 1817 754 1879 per
766 1809 844 1860 artus

157 1883 268 1961 turbat,
283 1903 374 1962 agens
384 1887 502 1944 animam
514 1894 643 1964 spumat,
657 1885 738 1963 quasi
752 1885 780 1943 in
791 1901 918 1961 aequore
930 1882 1009 1945 salso

154 1976 303 2028 venturum
315 1967 415 2029 validis
430 1969 598 2029 fervescunt
608 1969 717 2027 viribus
728 1967 830 2028 undae.

60 2120 62 2122 ,
156 2052 322 2127 exprimitur
334 2068 421 2130 porro
436 2053 576 2128 gemitus,
592 2052 657 2129 quis
667 2050 794 2109 membra
808 2049 908 2110 dolore

155 2133 342 2211 adliciuntur,
357 2142 387 2193 et
398 2136 510 2193 omnino
522 2132 599 2211 quod
609 2135 718 2193 semina
730 2135 812 2193 vocis

91 2224 143 2280 495
155 2219 297 2278 eiciuntur
308 2227 338 2277 et
352 2233 403 2277 cre
414 2216 492 2277 loras
505 2216 662 2295 glomerata
676 2216 805 2278 feruntur

65 2290 75 2307 ⁹
155 2319 211 2380 qua
222 2303 302 2381 quasi
315 2308 488 2363 consuemnt
500 2310 530 2362 et
544 2310 609 2364 sunt
620 2303 725 2362 munita
738 2303 803 2362 viai.

155 2386 326 2465 desipientia
337 2387 384 2464 lit,
397 2388 463 2465 quia
477 2388 521 2448 vis
532 2389 616 2448 animi
627 2395 713 2465 atque
727 2387 827 2447 animai

156 2470 339 2531 conturbatur
349 2479 395 2548 et,
408 2480 438 2531 ut
450 2470 553 2550 docui,
569 2471 660 2532 divisa
674 2488 806 2533 seorsum

155 2553 321 2615 disiectatur
336 2554 439 2616 eudem
449 2554 500 2616 illo
512 2557 646 2617 distracta
657 2571 780 2616 veneno.

90 2644 144 2699 500
156 2638 222 2697 inde
234 2639 281 2699 ubi
296 2640 350 2698 iam
361 2639 452 2699 morbi
461 2639 576 2699 reflexit
588 2657 689 2717 causa,
700 2639 832 2717 reditque

137 2736 139 2740 ·
156 2723 185 2780 in
196 2719 321 2782 latebras
332 2739 402 2781 acer
413 2725 539 2799 corrupti
555 2723 795 2800 cooperiemur,

155 2813 214 2864 tum
225 2805 305 2882 quasi
317 2802 472 2864 vaccillans
484 2807 603 2883 primum
619 2806 766 2882 consurgit
780 2813 810 2863 et
822 2805 912 2863 omnis

155 2887 291 2967 paulatim
304 2887 379 2949 redit
391 2888 419 2946 in
430 2905 534 2950 sensus
547 2889 724 2966 animumque
739 2896 879 2965 receptat,

156 2973 229 3033 baec
244 2973 330 3050 igitur
341 2973 426 3032 tantis
438 2971 486 3032 ubi
498 2973 606 3034 morbis
618 2988 742 3051 corpore
754 2972 783 3031 iu
797 2971 861 3049 ipso

92 3067 143 3120 505
158 3059 298 3118 iactentur
308 3058 479 3135 miserisque
490 3057 583 3117 modis
595 3054 728 3117 distracta
738 3052 888 3132 laborent,

155 3160 207 3202 cur
218 3140 319 3202 eadem
331 3139 426 3203 credis
437 3142 499 3203 sine
512 3156 636 3220 corpore
646 3141 674 3199 in
687 3145 756 3199 uere
767 3148 869 3217 aperto

157 3243 222 3285 cunr
235 3223 338 3288 validis
348 3226 443 3286 ventis
452 3233 577 3286 aetatem
589 3223 699 3302 degere
715 3218 826 3300 posse?

155 3319 185 3370 et
199 3311 331 3387 quoniam
345 3318 471 3369 mentem
482 3309 592 3386 sanari,
605 3323 711 3385 corpus
722 3317 753 3371 ut
764 3324 902 3386 aegrum,

156 3392 299 3454 cernimus
312 3401 342 3452 et
353 3391 432 3453 lecti
443 3392 583 3452 medicina
598 3390 846 3470 comendentes,

90 3486 143 3538 tio
153 3474 183 3537 id
197 3493 312 3557 quoque
324 3477 468 3556 praesagit
480 3473 629 3536 mortalem
640 3477 739 3537 uivere
753 3484 889 3537 mentem.
