2340 3854
566 204 607 266 lll

175 395 239 439 cum
250 374 387 453 redeunt,
400 374 534 453 fetusque
545 372 643 436 ierunt.
651 375 948 456 variosqualepores‚

93 474 159 526 1005
172 479 229 522 nec
242 470 335 521 tamen
346 458 496 538 explemur
507 458 573 518 vitai
583 458 724 524 fructibus
736 477 882 539 umquam,

174 546 230 605 hoc
240 590 248 623 ,
260 552 293 605 ut
305 544 422 621 opinor,
436 542 537 618 idest,
549 559 622 603 aero
633 542 754 604 ilorente
765 542 879 622 puellas,

175 627 250 708 quod
260 635 416 688 memorant
428 625 541 686 laticem
553 635 698 704 pertusum
710 645 868 704 congerere
883 627 989 707 iuvas,

175 712 251 791 quod
263 720 357 771 tamen
367 708 481 788 expleri
491 707 685 772 nullaratione
702 720 838 787 potestur.

148 839 150 842 -
177 795 322 857 Cerberus
335 804 364 854 et
379 792 479 853 Furiae
491 793 545 851 iam
556 810 642 868 vero,
655 802 684 854 et
696 793 771 856 lucis
780 813 890 873 egenus

92 891 159 943 1010
175 879 307 940 Tartarus
319 876 475 937 horriferos
487 885 619 939 eructans
630 877 759 939 faucibus
772 887 885 956 aestus,

175 959 262 1043 quid?
273 979 366 1039 oeque
378 969 443 1020 sunt
454 979 571 1039 usquam
581 980 636 1022 neo
647 972 771 1041 possunt.
780 981 846 1024 esse
858 961 1008 1042 proiecto:

174 1046 227 1109 sed
237 1054 329 1105 metus
341 1047 368 1106 in
379 1047 600 1124 vitapoeoarum
613 1064 664 1125 pro
676 1046 748 1108 male
760 1047 843 1108 iactis

175 1140 224 1192 cst<
231 1130 394 1207 insignibus
403 1129 538 1207 insignis,
550 1128 730 1208 scelerisque
743 1129 846 1207 luella,

174 1232 273 1275 carcer
284 1224 318 1275 ot:
328 1213 470 1274 horribilis
485 1212 520 1272 de
532 1229 601 1272 sano
613 1215 695 1272 iactu'
708 1213 858 1288 deorsum,

92 1311 157 1362 1015
175 1299 313 1373 verbera,
328 1298 493 1372 carnifices,
505 1297 610 1372 robur,
624 1298 688 1373 pix,
702 1295 845 1372 lammina,
859 1295 973 1366 taedae3

175 1398 247 1465 quae
262 1382 421 1441 tamenetsi
436 1379 553 1454 absunt,
566 1388 593 1437 at
604 1397 684 1439 meos
696 1381 767 1457 sibi,
781 1381 897 1440 conscia
908 1379 1010 1459 iactis,

174 1473 374 1544 praemetuens
385 1462 500 1523 adhibet
511 1461 639 1523 stimulos
652 1473 798 1542 terretque
810 1462 948 1542 flagellis,

175 1567 231 1610 nec
241 1546 318 1608 videt
329 1549 437 1608 interea
449 1548 497 1625 qui
508 1547 643 1608 terminus
659 1567 726 1609 esse
740 1548 875 1609 malorum

174 1634 333 1713 possitnec
347 1649 419 1710 quae
431 1632 469 1691 sit
482 1647 635 1710 poenarum
646 1631 768 1712 denique
783 1633 862 1710 finis,

93 1729 158 1780 1020
173 1728 258 1795 atque
271 1715 371 1775 eadem
381 1716 479 1776 metuit
490 1716 580 1792 magis
589 1713 661 1775 haec
672 1734 708 1776 ne
720 1719 748 1775 in
760 1725 851 1776 morte
863 1728 1045 1795 gravesoant

173 1801 220 1861 hic
230 1799 389 1867 Acherusia
401 1800 430 1859 irt
441 1799 591 1860 stultorum
602 1798 725 1876 denique
736 1802 800 1861 vita.

214 1883 276 1943 lloc
287 1886 370 1942 etiam
381 1884 431 1945 tibi
443 1893 502 1942 tute
513 1883 651 1943 interdum
663 1883 760 1943 dicere
773 1885 877 1962 possis.

178 1959 292 2026 ‘lumina
303 1969 343 2028 sis
355 1966 447 2026 oculis
464 1968 546 2026 etiam
560 1967 651 2026 bonus
661 1967 752 2026 Ancu'
764 1968 895 2047 reliquit,

174 2053 221 2130 qui
232 2049 332 2109 melior
344 2048 437 2108 multis
451 2067 532 2126 quam
544 2059 572 2108 tu
585 2048 652 2124 iuit,
665 2050 810 2127 improbe,
823 2051 919 2112 rebus.

92 2147 157 2199 1025
173 2134 238 2194 inde
250 2132 297 2192 alii
307 2132 386 2191 multi
397 2150 484 2208 reges
496 2149 648 2208 rerumque
659 2142 792 2209 potentes

174 2217 357 2292 occiderunt,
371 2217 478 2292 magnis
491 2217 538 2292 qui
549 2215 682 2292 gentibus
694 2218 896 2295 imperitarunt.

173 2302 222 2361 ille
235 2318 349 2379 quoque
360 2301 440 2378 ipse,
452 2301 524 2358 viam
537 2301 585 2377 qui
597 2298 736 2379 quondam
749 2317 888 2380 permane
900 2319 1033 2380 magnum

173 2387 270 2447 stravit
282 2387 392 2462 iterque
405 2383 482 2444 dedit
493 2384 653 2460 legionibus
665 2386 706 2444 ire
719 2403 771 2463 per
782 2384 867 2445 altum

172 2489 206 2531 ac
218 2469 338 2549 pedibus
351 2467 441 2529 salsas
452 2468 548 2529 docuit
559 2471 689 2548 superine
701 2468 818 2530 lucunas

91 2563 157 2615 1030
172 2564 201 2613 et
214 2555 366 2613 contemsit
375 2554 457 2630 equis
469 2551 607 2613 insultans
615 2571 753 2613 murmura
767 2556 861 2632 ponti,

173 2635 275 2696 lumine
286 2635 418 2714 adempto
429 2638 545 2694 animam
556 2636 722 2697 moribundo
734 2655 857 2716 corpore
869 2637 948 2700 indit.

174 2719 337 2797 Scipiadas,
350 2717 419 2778 belli
431 2717 554 2793 iulmen,
570 2717 747 2796 Carthaginis
759 2721 882 2796 horror„

174 2819 240 2863 ossa
251 2800 328 2861 dedit
339 2812 432 2861 terrae
444 2800 562 2878 proinde
574 2817 608 2861 ac
618 2801 703 2860 iamul
714 2803 824 2862 iniimus
835 2811 924 2863 esset.
1023 2868 1032 2888 ‚

172 2884 244 2946 addo
255 2893 420 2964 repertores
432 2883 621 2944 doctrinarum
631 2893 716 2962 atque
729 2884 874 2964 leporum,

92 2979 156 3033 1035
172 2969 244 3029 addc
256 2967 469 3029 Heliconiadum
481 2970 614 3037 comitem
626 2986 744 3048 quormn
756 2967 979 3029 rmusllornerus

172 3063 287 3132 sceptra
299 3054 405 3132 potitus
416 3051 515 3113 eadem
526 3051 587 3113 aliis
601 3054 705 3132 sopitu'
718 3055 852 3131 quietest.

173 3137 294 3215 denique
306 3136 500 3197 Democritum
510 3147 659 3215 postquam
670 3146 775 3196 matura
787 3146 913 3198 vetustas

171 3220 311 3282 admonuit
322 3238 462 3281 memores
474 3229 567 3281 motus
578 3221 767 3297 languescere
778 3223 896 3301 mentis,

172 3315 275 3382 sponte
286 3322 336 3365 sua
347 3305 407 3364 leto
421 3313 506 3382 caput
520 3305 621 3364 obvius
638 3303 741 3383 optulit
752 3306 824 3384 ipse.

90 3395 157 3449 roto
171 3388 236 3466 ipse
248 3387 389 3467 Epicurus
401 3390 432 3448 iit
443 3388 566 3450 decurso
580 3386 684 3448 lumine
696 3391 787 3467 vitae,

172 3472 219 3549 qui
233 3489 324 3548 genus
338 3471 484 3532 humanum
495 3472 609 3550 ingenio
619 3475 763 3553 superarit
779 3483 807 3534 et
818 3473 908 3534 omnia
