2340 3922
481 223 695 283 PRAEFATIO.
1043 247 1081 287 vn

78 393 215 450 abestiis.
246 392 332 447 Plane
350 391 451 447 eadem
467 408 530 447 cum
548 393 755 464 importunitate
771 394 846 450 idem
863 402 983 468 nugator
995 400 1080 470 paulo

79 492 167 547 supra
183 491 245 531 cum
255 475 399 532 Lucretius
416 475 603 546 quaesivisset
715 486 717 488 ·

183 571 235 623 739
252 571 367 632 Denique
378 585 424 620 our
433 572 500 621 aeris
511 571 633 622 violentia
642 573 715 622 triste
723 573 826 623 leonum

251 640 388 690 seminium
397 641 523 702 sequitur,
535 641 624 705 volpes
635 641 707 690 dolus
718 649 743 691 et
751 641 815 708 iuga
826 657 917 693 cervos

78 728 208 800 ascripsit
222 742 390 799 responsum

183 822 233 872 741
252 821 391 886 apatribus
401 822 476 871 datur
484 827 509 870 et
518 822 616 885 patrius
625 835 706 886 pavor
715 823 801 872 incitat
810 830 879 872 artus

76 909 124 964 ubi
140 915 166 965 et
175 898 288 972 ‘doctus
301 909 424 981 quidam’
436 909 512 980 apud
525 908 690 964 Lambinum
700 909 942 983 interpolationem
954 914 981 965 et
992 910 1080 966 Lach-

77 1008 197 1048 mannus
207 992 342 1049 irridendi
354 992 475 1049 studium
489 993 605 1064 agnovit
618 1009 654 1048 ex
665 995 726 1049 solo
735 994 934 1050 sententiarum
943 1011 1081 1050 connexu.

75 1076 108 1130 ln
123 1094 158 1132 eo
174 1083 267 1133 autem
278 1078 351 1146 loco,
364 1077 400 1133 de
417 1093 472 1148 quo
484 1076 593 1148 agimus
609 1075 671 1147 (ΙΙΙ,
685 1069 856 1147 lob-bb),
871 1078 981 1135 accedit
995 1079 1079 1133 inter-

74 1159 225 1232 palationis
238 1160 371 1216 indicium
386 1177 403 1215 a
419 1161 564 1232 scripturis
581 1160 719 1216 codicum.
752 1161 852 1232 Neque
870 1162 944 1217 enim
958 1163 988 1217 in
1003 1163 1080 1218 codi-

76 1244 156 1299 cibus
167 1244 241 1301 idem
254 1243 285 1299 fit
296 1244 372 1314 quod
383 1245 411 1298 in
423 1245 590 1300 editionibus
602 1250 631 1298 ut
643 1250 709 1315 post
719 1260 833 1300 versum
846 1248 899 1303 760
908 1246 990 1301 stulto
1001 1253 1082 1318 queat

71 1327 140 1398 ficri
159 1329 251 1383 statim
271 1333 405 1398 sequatur
424 1329 448 1382 is
473 1328 552 1382 cuius
568 1327 676 1382 initium
697 1334 809 1383 estnec
829 1334 885 1383 tem
901 1327 1007 1399 doctus,
1029 1329 1082 1384 sed

74 1411 238 1466 interlicitur
255 1411 325 1466 alius
337 1411 377 1465 sic
390 1411 518 1479 quidem:

182 1502 233 1555 760
251 1503 330 1554 stulta
340 1511 416 1566 queat
424 1503 493 1567 fieri,
505 1518 552 1553 nec
561 1503 675 1568 prudens
684 1504 718 1554 sit
727 1519 791 1569 puer
803 1505 885 1567 ullus,

250 1574 272 1621 si
283 1587 346 1636 non,
359 1579 427 1622 certa
436 1587 484 1622 suo
495 1572 554 1635 quia
563 1572 660 1621 semine
671 1573 828 1637 seminioque

181 1640 231 1692 762
250 1656 297 1691 uec
306 1650 358 1690 tam
370 1641 458 1691 doctus
468 1655 548 1703 equae
557 1640 645 1704 pullus
655 1656 731 1704 quam
741 1641 815 1693 tortis
825 1647 884 1708 equi
894 1646 940 1699 vis.

74 1730 130 1785 iste
142 1729 251 1785 medius
269 1746 369 1787 versus
382 1731 496 1785 iteratur
512 1745 548 1783 ex
559 1745 602 1784 vs.
619 1730 671 1785 744
680 1726 764 1784 huius
779 1731 841 1785 libri
854 1733 939 1801 tertii,
952 1733 1002 1805 ubi,
1014 1750 1080 1804 per-

74 1813 115 1885 git
125 1813 269 1869 Lucretius
281 1815 336 1869 sic:

180 1909 232 1958 744
248 1904 271 1957 si
280 1923 344 1969 non,
355 1915 424 1958 certa
434 1923 480 1957 suo
490 1908 551 1970 quia
560 1908 659 1957 semine
668 1908 826 1971 seminioque

179 1977 230 2028 745
247 1977 287 2027 vis
297 1978 374 2026 animi
382 1977 478 2042 pariter
487 1975 579 2026 crescit
589 1990 647 2026 oum
657 1991 764 2042 corpore
773 1978 844 2027 toto?

75 2075 132 2119 ram
143 2065 205 2118 talrs
217 2063 325 2119 iteratio
344 2063 448 2118 anullo
463 2062 566 2117 institui
578 2063 668 2133 potuit
681 2063 735 2117 nisi
752 2065 786 2117 ab
804 2063 1017 2133 interpolatore,
1034 2065 1080 2134 qui

75 2146 190 2217 quidem
204 2163 239 2201 eo
252 2146 368 2202 consilio
379 2145 444 2199 illuc
463 2146 606 2216 respicere
624 2145 705 2199 iussit
718 2145 854 2213 lectores,
870 2151 900 2200 ut
916 2146 1009 2217 ipsum
1028 2147 1080 2201 sbti

74 2229 269 2286 contradicere
298 2228 460 2284 ostenderet
481 2227 648 2284 Lucretium.
695 2224 789 2300 Supra
811 2225 885 2284 enim
905 2223 992 2301 1⁷44,
1012 2232 1080 2300 trs)

74 2314 140 2384 quia
151 2314 209 2370 vim
224 2314 309 2368 animi
324 2312 431 2385 pariter
451 2328 514 2367 cum
529 2327 649 2383 corpore
667 2328 796 2368 crescere
812 2313 904 2368 statuit
917 2318 1017 2385 poeta,
1032 2312 1080 2369 hic

74 2398 154 2466 (760)
170 2413 219 2452 cur
235 2414 308 2469 puer
322 2398 414 2453 nullus
431 2397 466 2451 sit
475 2395 602 2468 prudens
614 2397 781 2469 interrogari
797 2413 854 2452 non
869 2398 1000 2454 debuisse
1018 2399 1079 2469 opi-

73 2485 156 2536 natus
172 2485 215 2536 est
230 2482 421 2554 interpolator.
469 2478 587 2548 (Similis
602 2481 671 2536 ratio
688 2497 824 2538 versuum
838 2485 995 2541 oso-651
1017 2482 1078 2537 libri

73 2563 193 2620 secundi
207 2565 382 2620 iterationem
391 2569 456 2635 post
466 2564 487 2636 I,
498 2566 533 2621 43
546 2565 713 2636 progenuit3
728 2565 787 2621 vid.
799 2564 872 2622 Nov.
889 2565 962 2620 Mus.
976 2563 1030 2621 Rh.
1042 2566 1079 2634 V,

72 2649 150 2717 576.)
200 2647 244 2702 Ex
261 2647 363 2704 eadem
388 2648 472 2718 igitur
491 2645 620 2718 officina,
643 2665 679 2702 ex
694 2664 750 2718 qua
766 2649 873 2704 iteratio
891 2647 953 2717 illa,
975 2647 1079 2720 prodiit

74 2731 159 2785 eliam
169 2745 271 2786 versus
286 2731 338 2785 iste
347 2745 399 2787 nec
410 2736 465 2786 tom
476 2729 578 2801 doctus,
596 2747 652 2801 quo
668 2732 775 2803 logicas
787 2731 906 2803 ineptias
917 2746 984 2785 suas
1000 2748 1078 2788 scur-

73 2813 118 2868 rili
135 2812 265 2868 irrisione
281 2814 432 2870 cumulavit
450 2812 634 2872 versificator.
652 2841 696 2854 —
715 2812 844 2868 Eandem
867 2818 960 2868 autem
977 2816 1079 2872 malam

73 2912 189 2952 manum
204 2894 421 2968 deprehendere
437 2895 518 2950 nobis
533 2896 664 2952 videmur
681 2897 710 2951 in
725 2897 824 2953 talibus
836 2897 965 2953 versibus
981 2898 1078 2969 quales

73 2982 203 3052 leguntur
216 2981 262 3051 111,
274 2983 341 3048 6833
358 2979 405 3050 IV,
417 2981 484 3048 7933
503 2979 539 3047 V,
551 2983 618 3048 312,
637 2980 701 3051 qui,
718 2979 772 3034 nisi
784 2979 912 3038 codicum
926 2981 1078 3053 scripturas

73 3064 212 3121 violenter
225 3065 394 3134 mutaveris,
412 3080 468 3120 non
483 3068 614 3135 poterunt
629 3064 858 3120 Lucretisnorum
868 3066 1020 3122 verborum
1036 3073 1077 3122 te·

73 3148 136 3206 nori
147 3148 283 3220 adaptari.
323 3146 425 3204 Contra
442 3154 490 3204 aut
504 3146 573 3205 nihil
587 3154 634 3204 aut
652 3147 796 3205 levissima
808 3149 941 3206 mutanda
952 3156 1030 3222 sunt,
1049 3155 1078 3203 ut

73 3233 121 3288 vel
132 3231 224 3288 irrisio
237 3233 284 3289 vel
295 3231 441 3304 explicatio
454 3233 659 3304 interpolatoris
676 3239 819 3304 appareat

134 3315 196 3371 Duo
211 3315 283 3371 haec
300 3318 521 3388 corruptelarum
540 3331 648 3387 genera
664 3317 735 3372 ultra
751 3315 839 3388 fines,
858 3333 929 3389 quos
951 3316 992 3371 eis
1008 3331 1075 3369 con·

73 3398 159 3453 stituit
168 3398 381 3468 Lachmannus,
395 3400 536 3471 pertinere
549 3401 719 3472 putavimus.
749 3399 923 3458 Contrarium
935 3398 1036 3454 accidit
1049 3399 1076 3452 in

73 3498 109 3537 co
123 3496 245 3554 genere,
260 3482 298 3538 ad
314 3483 458 3552 quodiam
468 3483 618 3540 transimus
635 3484 768 3556 quodque
782 3486 937 3542 continetur
947 3495 1076 3540 amanum
