2340 3922
562 195 589 254 V
1014 193 1069 258 131

91 375 144 432 195
204 363 287 438 Quod
298 365 328 426 si
337 364 391 424 iarn
404 380 499 422 rernm
513 363 643 440 ignorem
656 363 806 439 primordia
819 381 891 442 quae
904 363 977 442 sint,

156 448 213 509 boc
225 457 316 508 tamen
329 465 367 509 ex
376 447 447 525 ipsis
459 444 532 505 caeli
543 446 698 506 rationibus
710 448 798 506 ausim

158 531 323 593 confirmare
334 528 455 609 aliisque
470 536 508 589 ex
519 530 606 590 rebus
618 528 740 589 reddere
753 530 864 608 multis,

157 632 334 694 nequaquam
348 614 431 673 nobis
444 611 575 672 divinitus
589 631 657 673 esse
668 623 791 690 paratam

157 706 283 758 naturam
294 714 402 757 rerum:
418 705 492 755 tanta
503 705 558 756 stat
569 695 696 774 praedita
706 695 798 774 culpa.

92 792 146 845 200
157 782 298 861 principio
312 788 443 858 qnantum
458 777 531 838 caeli
542 780 615 855 tegit
625 780 747 856 impetus
759 781 878 858 ingens,

157 863 223 924 inde
234 862 316 924 avide
330 872 439 942 partem
449 871 560 922 montes
572 861 720 940 silvaeque
733 863 853 924 ierarunr

157 947 335 1027 possedere,
348 954 445 1006 tenent
456 962 543 1023 rupes
555 955 710 1024 vastaeque
724 945 843 1024 paludes

158 1040 188 1092 et
198 1048 293 1109 mara,
308 1029 385 1108 qood
398 1028 456 1089 late
466 1037 605 1088 terrarum
616 1028 731 1090 distinet
743 1048 816 1091 oras.

157 1113 222 1174 inde
235 1112 304 1173 duas
315 1129 402 1191 porro
416 1128 508 1190 propa
520 1113 608 1189 partis
620 1111 746 1172 feruidus
758 1113 841 1173 ardor

94 1205 146 1259 205
160 1195 351 1275 adsiduusque
363 1194 422 1272 geli
437 1212 520 1254 casus
531 1193 694 1255 mortalibus
704 1195 803 1256 aufert.

158 1279 234 1358 qnod
244 1287 378 1358 superest
390 1280 466 1353 arvi,
480 1286 572 1337 tamen
585 1278 614 1337 id
627 1289 724 1338 natura
735 1297 785 1339 sua
796 1281 826 1338 vi

158 1363 288 1423 sentibus
299 1361 440 1438 obducat,
452 1362 480 1419 ni
495 1362 539 1421 vis
554 1360 671 1421 humana
683 1365 797 1423 resistat

157 1448 224 1505 vitai
236 1464 323 1507 causa
332 1445 427 1505 ualido
440 1453 577 1505 consueta
589 1444 695 1506 bidenti

158 1530 304 1606 ingemere
316 1537 346 1589 et
358 1538 460 1588 terram
476 1529 585 1605 pressis
598 1531 783 1607 proscindere
795 1532 893 1590 aratris

93 1621 145 1675 210
159 1614 184 1674 si
196 1628 253 1672 non
264 1611 401 1672 fecundas
415 1621 562 1671 vertentes
573 1629 690 1672 vomere
702 1611 803 1692 glebas

158 1697 301 1774 terraique
314 1694 406 1755 solum
421 1695 589 1771 subigentes
605 1697 694 1756 cimus
706 1697 741 1757 ad
753 1706 848 1773 ortos,

159 1787 261 1857 sponte
273 1796 323 1838 sua
334 1787 476 1855 nequeant
489 1776 609 1856 liquidas
621 1781 748 1840 existere
759 1783 786 1840 in
799 1798 896 1857 auras,

157 1871 186 1922 et
200 1871 293 1922 tamen
305 1860 443 1920 interdum
454 1878 555 1938 magno
573 1865 701 1939 quaesita
715 1862 814 1924 labore

159 1963 222 2004 cum
234 1946 287 2004 iam
301 1962 354 2023 per
364 1954 455 2004 terras
468 1943 599 2005 frondent
610 1955 695 2024 atque
706 1950 797 2007 omnia
810 1949 927 2024 dorent,

94 2036 145 2092 215
156 2038 202 2088 aut
213 2029 304 2088 nimiis
318 2036 407 2088 torret
420 2027 579 2087 fervoribus
591 2028 734 2089 aetherius
749 2030 794 2090 sol

158 2121 205 2171 aut
215 2111 300 2172 subiti
318 2118 466 2190 peremunt
478 2111 574 2170 imbris
588 2111 759 2190 gelidaeque
772 2116 906 2191 pruinae,

159 2195 302 2272 {labraque
314 2203 462 2254 ventorum
474 2192 601 2254 violento
613 2195 724 2255 turbine
737 2207 850 2257 vexant.

158 2286 308 2357 praeterea
317 2296 410 2355 genus
422 2277 591 2336 horriferum
605 2288 701 2338 natura
714 2278 836 2339 ferarum

158 2361 293 2421 lrnmanae
306 2363 386 2438 genti
399 2360 532 2420 infestum
543 2370 674 2439 terraque
687 2365 813 2441 marique

94 2453 146 2506 aab
160 2462 210 2504 cur
222 2442 271 2503 alit
281 2452 366 2521 atque
378 2440 484 2520 auget?
497 2462 547 2503 cur
559 2447 622 2504 anni
634 2456 762 2526 tempora
773 2447 889 2508 morbos

157 2523 327 2606 adportant?
338 2544 424 2605 quare
437 2543 513 2586 mors
526 2528 661 2589 inmatura
675 2528 815 2608 vagatur?

144 2619 216 2670 -tnm
226 2626 312 2689 porro
326 2628 414 2688 puer,
426 2619 457 2669 nt
468 2612 562 2670 saevis
572 2613 719 2689 proiectus
728 2615 763 2674 ab
775 2615 855 2674 undis

157 2695 267 2771 navita,
280 2693 371 2754 nudus
384 2693 459 2752 humi
471 2696 560 2771 iacet,
573 2695 681 2771 inians,
694 2696 805 2772 indigus
819 2699 892 2757 omni

156 2777 234 2837 vitali
248 2776 370 2853 auxilio,
384 2795 447 2837 cum
458 2778 576 2854 primum
587 2779 615 2836 in
626 2775 735 2837 luminis
750 2795 814 2838 oras

94 2870 145 2924 225
156 2861 269 2920 nixibus
282 2878 320 2920 ex
333 2859 398 2920 alvo
412 2861 508 2919 matris
519 2869 615 2920 natura
626 2860 766 2938 profudit,

159 2945 311 3022 vagituque
323 2943 418 3004 locum
429 2942 544 3020 lugubri
556 2942 696 3022 complet,
710 2953 741 3003 ut
753 2954 901 3022 aequumst

159 3029 205 3088 cui
216 3035 321 3088 tantum
331 3029 360 3086 in
373 3028 430 3086 vita
440 3035 531 3086 restet
541 3029 661 3087 transire
672 3024 816 3087 malorum.

157 3119 185 3171 at
196 3112 290 3170 variae
302 3119 437 3171 crescunt
448 3108 576 3188 pecudes
587 3119 711 3170 armenta
723 3110 876 3188 feraeque,

158 3212 213 3255 nec
225 3193 409 3273 crepitacillis
422 3210 495 3272 opus
509 3201 553 3252 est
563 3237 571 3269 ‚
583 3211 638 3252 nec
653 3195 781 3272 cuiquam
796 3193 980 3256 adhibendast

93 3287 145 3340 230
156 3276 245 3338 almae
258 3278 374 3339 nutricis
387 3276 488 3336 blanda
498 3285 583 3354 atque
595 3275 712 3336 infracta
722 3276 864 3358 loquella,

159 3379 214 3421 nec
227 3362 318 3422 varias
332 3369 469 3438 quaerunt
479 3367 577 3420 restes
589 3377 642 3437 pro
654 3370 783 3440 tempore
796 3362 884 3439 caeli,

159 3445 280 3524 denique
292 3461 348 3504 non
359 3445 441 3503 armis
454 3460 526 3522 opus
542 3451 604 3520 ast,
616 3460 671 3503 non
682 3448 829 3507 moenibus
841 3445 923 3588 algiq,
