2340 3854
560 212 586 274 il

159 381 226 460 quin
237 363 406 440 intercurrat
418 379 555 459 quaedam
566 380 696 440 distantia
707 379 815 441 formis.

160 462 387 543 concharumque
398 481 491 541 genos
503 461 585 540 parib
596 464 706 523 ratione
717 463 845 524 videmus

91 555 143 611 ote
156 549 277 627 pingere
288 546 401 609 telluris
412 547 565 623 granduna,
580 564 635 625 qua
648 544 781 608 mollibus
793 545 875 609 undis

157 632 248 694 litoris
259 632 368 691 incurri
379 627 503 690 bibulam
513 631 591 708 pavit
605 646 713 706 aequor
727 629 867 691 harenam

159 733 246 797 quare
258 716 342 776 etiam
354 722 440 792 atque
452 713 536 773 etiam
547 711 631 772 simili
644 715 753 773 ratione
766 723 938 794 necessest,

158 809 255 860 natura
266 797 397 877 quoniam
410 804 540 857 oomtnut
549 813 644 874 neque
655 794 730 857 iacta
740 814 823 857 mauu
833 807 897 859 sunt

159 885 240 943 unius
251 880 287 941 ad
297 889 404 940 certam
415 879 533 940 mana
545 878 696 958 primordia
708 898 819 958 rerum,

88 977 147 1031 ³80
158 964 285 1029 dissimili
296 966 369 1024 inter
381 982 416 1024 se
428 962 563 1042 quaedam
572 962 692 1024 volimre
703 965 800 1042 figura.

200 1046 340 1113 Periacile
354 1057 399 1109 est
408 1045 490 1126 parili
500 1049 609 1107 ratione
623 1047 776 1109 exsolvere
788 1048 871 1110 uobis

160 1151 247 1214 quare
259 1130 409 1193 fulmineus
419 1129 507 1191 mubo
521 1130 695 1209 penetralior
703 1133 777 1209 ignis

160 1234 242 1295 quam
253 1225 353 1276 noster
364 1214 425 1275 luat
435 1233 452 1275 e
462 1213 553 1276 taedis
565 1215 749 1276 terrestribus
764 1226 857 1276 ortus:

159 1301 256 1360 dicere
269 1301 343 1360 eninr
355 1300 450 1377 possis
464 1297 620 1358 caelestem
633 1296 756 1357 fulminis
768 1300 863 1375 ignem

95 1393 146 1449 385
161 1379 297 1444 subtilem
306 1383 397 1458 magia
412 1399 429 1441 e
442 1381 537 1459 parvis
551 1387 683 1440 constare
694 1382 808 1458 liguris,

158 1476 244 1546 atque
254 1464 320 1525 ideo
332 1465 452 1525 transire
462 1462 596 1523 foramina
608 1481 681 1542 quae
692 1466 790 1543 nequit
800 1466 874 1544 ignis

158 1549 314 1611 nosterbic
327 1546 438 1625 eiignis
453 1556 515 1608 ortu
532 1545 671 1626 taedaque
687 1557 818 1609 creatus-⁴·

159 1642 308 1714 praeterea
322 1630 416 1691 lumen
427 1648 481 1709 per
493 1647 610 1691 cornum
621 1633 738 1709 transit,
750 1643 778 1693 at
789 1633 880 1693 imber

157 1717 311 1796 respuitur.
327 1710 435 1795 querci
448 1716 502 1775 nisi
513 1714 625 1776 luminis
636 1714 799 1776 illamiuora

94 1810 148 1866 390
160 1818 281 1880 corpora
294 1810 359 1861 sunt
371 1816 454 1878 quam
464 1797 501 1859 do
513 1799 615 1876 quibus
629 1808 675 1860 est
688 1798 783 1877 liquor
794 1798 884 1862 draus
895 1814 1035 1880 aquarum

160 1895 189 1946 et
203 1885 329 1963 quamvis
340 1883 436 1944 subito
447 1900 501 1961 per
512 1882 607 1941 colum
617 1885 682 1943 uina
692 1882 820 1945 videmus

159 1967 320 2048 perfluere:
332 1975 360 2027 et
372 1975 470 2026 contra
481 1964 589 2025 tardum
602 1975 749 2026 cunctatur
760 1966 884 2044 clivom,

158 2061 205 2113 aut
217 2053 299 2130 quia,
311 2051 456 2124 nimirum,
471 2049 622 2109 maioribus
634 2058 679 2108 est
692 2048 841 2110 elementis

160 2144 206 2194 aut
217 2135 306 2210 magis
318 2132 434 2192 hamatis
445 2133 518 2190 inter
529 2149 562 2191 se
574 2149 684 2208 perque
697 2131 827 2210 plicatis,

94 2227 146 2282 395
160 2227 246 2297 atque
258 2215 323 2276 ideo
337 2216 368 2276 iit
380 2216 419 2274 uti
429 2231 486 2274 uon
497 2223 552 2274 tarn
566 2213 678 2275 diducta
688 2224 809 2293 repente

159 2303 234 2362 inter
246 2319 281 2362 se
292 2300 404 2378 possint
417 2297 567 2377 primordia
579 2297 689 2376 singula
702 2316 832 2378 quaeque

159 2383 270 2463 singula
283 2401 336 2463 per
347 2384 486 2461 cuiusque
498 2380 633 2443 foramina
643 2397 817 2461 permanare.

201 2468 264 2529 Huc
275 2467 387 2529 accedit
399 2467 438 2527 uti
448 2464 541 2527 mellis
551 2465 691 2545 lactisque
704 2465 831 2546 liquores

160 2551 283 2613 iucundo
295 2570 382 2612 sensu
394 2550 509 2628 linguae
523 2557 678 2610 tractentur
688 2552 715 2611 in
727 2568 794 2612 ore:

95 2647 148 2700 400
158 2646 187 2697 at
199 2643 297 2696 contra
308 2644 397 2695 taetra
407 2633 528 2695 absinthi
539 2643 635 2695 natura
648 2634 760 2712 ferique

161 2720 287 2779 centauri
297 2716 385 2777 ioedo
397 2725 583 2795 pertorquent
596 2734 645 2776 ora
655 2727 777 2796 sapores

161 2810 191 2861 ut
203 2800 287 2861 facile
298 2816 439 2878 agnoscas
455 2818 472 2860 e
486 2797 597 2859 levibus
608 2807 693 2876 atque
705 2799 832 2859 rutundis

161 2903 228 2946 esse
241 2901 276 2944 ea
289 2900 361 2962 quae
372 2899 475 2943 seusus
486 2880 608 2942 iucunde
619 2890 737 2958 tangere
750 2893 889 2961 possunt,

159 2978 187 3031 at
199 2975 297 3029 contra
309 2985 382 3046 quae
393 2983 484 3027 amara
494 2974 580 3044 atque
589 2983 692 3044 mpero
703 2983 824 3046 cumque
836 2965 985 3046 videntur,

94 3064 147 3118 405
159 3053 232 3114 baec
243 3052 332 3129 magis
341 3049 459 3111 hamatis
471 3051 545 3111 inter
554 3068 588 3111 se
601 3068 675 3110 nexa
688 3053 798 3128 teneri,

159 3145 371 3217 proptereaque
382 3133 479 3196 solere
491 3136 552 3195 rias
567 3133 733 3195 rescindere
743 3136 848 3196 nostris

159 3220 293 3283 sensibus
304 3219 477 3297 introituque
490 3234 544 3279 suo
555 3234 741 3297 perrumpere
754 3235 869 3298 corpus.

202 3302 301 3364 Omnia
312 3311 458 3382 postremo
470 3302 544 3363 bons
555 3302 688 3363 sensibus
699 3311 728 3363 et
739 3300 811 3363 mala
820 3311 898 3364 tactu

159 3385 287 3449 dissimili
302 3388 377 3448 inter
388 3405 422 3448 se
433 3394 560 3465 puguant
571 3386 701 3464 perlecta
712 3386 816 3466 ligura:

94 3481 147 3535 ilo
159 3489 196 3531 ne
207 3479 237 3531 tu
247 3469 323 3532 forte
335 3478 420 3551 putes
432 3487 530 3532 serrae
543 3468 687 3531 stridentis
698 3470 832 3532 acerbum
