2340 3922
554 200 594 261 tv

163 367 240 450 quod
251 365 334 428 simol
346 376 432 445 atque
444 369 504 430 suis
519 371 643 430 eiectum
654 367 772 430 sedibus
784 371 860 447 exit,

80 462 145 517 1005
160 470 215 533 000
225 451 351 512 membra
365 460 451 530 atque
461 462 538 513 artus
553 450 668 528 decedit
683 469 806 531 corpore
818 462 896 531 toto,

161 539 190 597 in
204 534 271 595 loos
284 537 459 596 conveniens
471 553 623 596 nervorum
638 545 735 614 certa,
752 538 867 616 cietque

163 620 297 681 continuo
312 620 400 697 000110
412 619 544 696 genitalis
561 620 691 698 00000010
702 621 790 698 ipsas.

161 703 271 762 imitata
281 710 389 762 tument
399 701 464 762 loca
479 704 603 778 semine,
616 703 704 780 litque
714 701 845 763 voluntas

164 787 261 846 eicere
272 784 299 844 id
314 803 372 865 quo
386 804 420 846 se
432 786 578 848 contendit
589 785 649 847 dira
659 784 774 863 lubido,

80 880 148 936 0010
162 869 248 948 idque
259 871 331 949 petit
344 887 466 949 corpus,
482 889 562 931 mens
577 870 650 930 unde
663 878 708 930 est
719 872 815 931 saucia
826 888 937 932 amore:

162 971 283 1031 namque
299 970 398 1014 omnes
409 952 578 1034 plerumque
591 955 692 1015 cadunt
705 955 732 1013 in
746 953 864 1032 00010000,
881 965 910 1016 01
922 954 998 1016 illam

163 1038 266 1096 amicat
277 1037 306 1095 in
319 1046 430 1116 partem
440 1040 572 1116 sanguis,
585 1036 659 1098 unde
670 1039 770 1098 icimur
778 1040 853 1116 ictu,

164 1130 193 1181 01
204 1122 230 1181 01
241 1122 395 1182 cornminus
411 1131 472 1200 est,
486 1122 598 1183 hostem
613 1122 700 1182 ruber
711 1130 833 1200 occupat
845 1139 932 1182 umor.

164 1204 303 1281 sicigitur
315 1203 437 1266 Veneris
450 1207 499 1283 qui
513 1205 579 1266 telis
591 1207 696 1283 accipit
709 1206 799 1281 ictus,

82 1298 148 1355 rodo
164 1290 226 1349 sive
237 1306 311 1366 puer
320 1288 453 1349 membris
466 1287 650 1349 muliebribus
661 1287 737 1346 bunc
749 1286 886 1347 iaculatur

165 1390 217 1433 seu
229 1369 330 1430 mulier
342 1379 403 1431 toto
414 1373 521 1432 iactanc
533 1391 550 1432 e
562 1388 685 1449 corpore
695 1387 836 1446 amorem,

163 1454 239 1514 unde
251 1454 368 1531 feritur,
384 1472 420 1514 eo
434 1455 540 1534 tendit,
553 1457 697 1535 gestitque
711 1455 788 1514 coire

164 1547 194 1599 et
206 1540 301 1598 iacere
313 1555 440 1599 umorem
455 1542 482 1598 in
496 1557 601 1618 corpus
613 1538 649 1599 de
661 1555 784 1616 corpore
797 1538 927 1600 ductum:

164 1640 285 1701 namque
295 1621 471 1702 voluptatem
483 1625 627 1703 praesagit
641 1633 716 1684 muta
731 1621 843 1701 cupido.

81 1717 150 1772 1050
205 1705 284 1765 11000
296 1704 394 1767 Venus
407 1716 452 1768 est
465 1709 563 1781 nobis:
575 1707 640 1768 hinc
651 1716 773 1768 autemst
785 1724 896 1768 momen
909 1709 1027 1785 amoris,

163 1789 229 1848 hino
241 1788 332 1848 illaec.
342 1793 460 1870 primum
471 1792 593 1852 Veneris
608 1791 765 1852 dulcedinis
779 1793 807 1851 in
819 1808 871 1851 cor

166 1871 281 1934 stillavit
290 1884 384 1953 gutta,
399 1885 428 1936 et
440 1879 583 1937 successit
596 1876 698 1954 [rigida
710 1894 791 1937 cura:

165 1973 228 2016 nam
240 1959 265 2017 si
275 1958 358 2019 abest
370 1959 446 2038 quod
457 1978 543 2037 aves,
554 1969 671 2038 praesto
684 1959 835 2020 simulacra
845 1968 938 2018 tamen
951 1969 1016 2020 sunt

164 2038 241 2100 illius
253 2050 282 2101 et
292 2058 396 2103 nomen
409 2041 494 2102 dulce
508 2042 676 2102 obversatur
689 2041 724 2100 ad
736 2043 820 2101 auris.

81 2135 150 2190 1055
166 2122 218 2185 sed
230 2122 351 2201 fugitare
364 2124 449 2185 decet
461 2125 610 2185 simulacra
627 2134 656 2184 et
668 2122 771 2201 pabula
785 2127 887 2184 amoris

166 2207 331 2268 absterrere
343 2208 397 2269 sibi
409 2218 494 2288 atque
507 2209 563 2268 alio
577 2217 747 2268 convertere
760 2217 883 2268 mentem

167 2300 196 2352 ct
207 2292 303 2352 iacere
317 2309 443 2353 umorem
456 2292 618 2354 conlectum
629 2294 656 2352 in
673 2308 794 2371 corpora
806 2309 953 2370 quaeque,

166 2393 222 2435 neo
233 2378 376 2454 retinere,
391 2376 481 2438 semel
494 2395 664 2438 conversum
675 2378 756 2437 unius
767 2393 880 2453 amore,

167 2467 196 2519 et
208 2477 323 2521 servare
335 2462 388 2522 sibi
402 2480 496 2522 curam
509 2471 674 2542 certumque
687 2460 829 2521 dolorem:

82 2554 151 2608 1060
167 2541 249 2603 ulcus
266 2547 339 2604 enim
354 2546 476 2608 vivescit
488 2557 517 2607 et
533 2547 717 2607 inveterascit
728 2544 847 2622 alendo,

166 2629 252 2704 inque
263 2627 324 2687 dies
335 2626 432 2705 gliscit
446 2630 524 2688 luror
534 2640 619 2707 atque
629 2646 760 2688 aerumna
769 2629 929 2705 gravescit,

107 2783 108 2786 Ἴ
168 2711 192 2769 01
205 2726 261 2768 non
272 2712 360 2788 prima
370 2713 452 2771 novis
465 2712 621 2771 conturbes
630 2709 748 2770 volnera
759 2710 852 2788 plagis

166 2792 377 2870 volgivagaque
389 2811 479 2871 vagus
491 2793 606 2853 Venere
617 2802 681 2853 aute
693 2794 821 2852 recentia
834 2810 917 2852 cures

167 2884 214 2935 aut
224 2875 280 2935 alio
292 2878 388 2954 000010
400 2879 482 2936 animi
494 2877 643 2936 traducere
656 2885 758 2935 motus.

83 2970 151 3024 1065
208 2958 271 3020 Nec
282 2960 405 3020 Veneris
416 2961 508 3021 iructc
522 2961 636 3022 caretis
650 2961 697 3038 qui
711 2960 779 3019 vitat
789 2974 930 3034 amorem,

169 3043 221 3103 sed
233 3047 327 3122 potius
339 3062 411 3122 quae
423 3055 488 3106 sunt
499 3048 561 3105 sine
573 3061 666 3123 000000
678 3041 823 3104 commoda
835 3042 932 3102 sumit:

167 3145 231 3186 nam
247 3138 326 3188 certe
338 3137 434 3208 purast
445 3132 520 3190 sanis
531 3129 621 3206 magis
633 3127 698 3186 inde
710 3124 842 3202 voluptas

169 3228 251 3288 qnam
262 3214 381 3273 miseris.
396 3215 500 3272 etenim
514 3212 641 3291 potiundi
652 3220 783 3289 tempore
794 3211 822 3268 in
834 3211 898 3289 ipso

169 3294 284 3354 fluctuat
297 3296 415 3355 incertis
427 3297 572 3356 erroribus
583 3295 667 3354 ardor
679 3303 834 3372 amantum,

85 3385 152 3440 1070
167 3396 221 3436 nec
234 3388 347 3439 constat
360 3379 425 3458 quid
438 3382 556 3458 primum
567 3378 658 3438 oculic
669 3379 853 3456 manibusque
866 3377 1001 3437 fruantur.

169 3461 244 3540 quod
256 3465 384 3540 petiere,
400 3472 531 3540 0000000001
541 3471 619 3541 arte,
636 3462 798 3540 iaciuntque
810 3460 940 3521 dolorem
