2340 3854
140 182 163 246 8
633 190 645 250 Ι

219 353 386 430 arboribus,
400 363 535 413 enesaunt
546 353 627 431 ipsae
639 352 757 432 istaque
769 364 934 431 gravantur:

218 435 284 496 bina
295 434 378 497 alitur
388 452 475 515 porro
486 445 613 496 nostrum
624 453 716 514 genus
728 446 813 515 atque
824 437 961 500 ieramm:

152 528 204 583 205
218 519 284 580 bine
295 518 385 580 laetas
398 519 484 578 urbes
496 521 593 598 pueris
602 519 707 581 florere
718 520 864 599 videmus,

218 602 446 682 frondiferasque
457 604 539 662 nouis
550 603 649 664 avibus
662 621 765 664 canere
777 603 900 685 undique
910 605 1018 667 silvas:

218 686 284 745 bine
295 686 392 747 fessae
402 685 532 764 pecudes
544 688 642 764 pingui
654 704 707 764 per
717 687 820 765 pabula
830 686 905 749 laeta

220 786 342 846 corpora
353 769 514 850 deponunt,
527 778 557 829 et
570 769 694 831 eandem
704 769 815 832 lacteus
826 789 906 831 umor

218 853 354 915 uberibus
365 862 456 914 manat
468 852 613 914 distentis:
629 853 779 915 mnenon
790 853 888 934 proies

153 946 206 1000 260
220 937 337 997 artubus
349 937 464 997 infirmis
478 946 591 997 teneras
605 934 713 998 lasciva
725 954 778 1015 per
789 938 893 999 herbas

218 1019 288 1080 indit
298 1018 373 1080 lacte
384 1036 463 1080 mero
475 1029 584 1081 mentes
597 1019 731 1097 perculsa
741 1020 879 1082 novellas.

218 1103 291 1165 haud
302 1105 388 1182 igitur
400 1106 512 1182 penitas
524 1112 645 1181 pereunt
657 1122 853 1185 quaecumque
865 1106 1010 1178 videntum

219 1186 330 1268 quando
342 1187 398 1248 alid
410 1205 448 1247 ex
456 1186 513 1247 alio
525 1187 617 1248 reiicit
627 1195 741 1265 natura,
754 1207 809 1249 nee
820 1187 906 1249 ullam

219 1290 279 1333 rem
289 1273 367 1350 gigni
378 1272 499 1349 patitur,
510 1272 565 1332 nisi
579 1281 670 1332 morte
682 1271 774 1332 adiuta
784 1271 883 1333 aliena.

154 1364 205 1418 265
264 1353 346 1415 Nune
361 1373 433 1432 age,
445 1373 493 1416 res
506 1357 635 1434 quoniam
646 1355 731 1416 doeui
742 1373 798 1416 non
809 1374 897 1435 posse
911 1359 1001 1418 creari

219 1439 255 1500 de
266 1437 325 1499 uilo
337 1457 431 1516 neque
443 1441 510 1499 item
522 1441 633 1516 genitas
644 1438 679 1499 ad
690 1438 728 1499 nil
740 1443 888 1518 revocari,

217 1541 254 1583 ne
267 1540 321 1601 qua
331 1521 406 1581 forte
416 1531 510 1581 tamen
522 1530 643 1599 coeptes
655 1521 783 1583 diiiidere
799 1524 900 1601 dictis,

219 1604 295 1686 quod
305 1613 450 1683 nequeunt
464 1603 556 1664 oeulis
566 1622 660 1664 rerum
673 1605 822 1682 primordia
834 1609 929 1683 aemi,

218 1690 320 1768 aeeipe
332 1697 483 1765 praeterea
493 1705 566 1766 qaae
578 1704 699 1766 corpora
710 1696 770 1748 tute
780 1699 934 1750 necessest

152 1780 205 1835 270
223 1773 376 1835 confiteare
388 1790 455 1832 esse
467 1773 495 1830 iu
503 1771 590 1832 rebus
602 1789 657 1831 nee
668 1789 757 1850 posse
769 1770 868 1832 rideri.

219 1857 358 1935 principio
370 1856 448 1915 venti
458 1856 502 1915 vis
513 1855 647 1915 verberat
657 1856 742 1915 incita
754 1864 870 1932 pontum

218 1940 399 2018 ingentisque
409 1940 464 2000 ruit
474 1940 554 1999 nauis
565 1947 595 1999 et
605 1936 699 1999 nubila
710 1937 822 2016 differt,

218 2023 357 2085 interdum
367 2022 465 2104 rapido
477 2039 649 2101 percurrens
661 2022 771 2083 turbine
784 2039 900 2101 campos

218 2108 365 2170 arboribus
376 2109 484 2185 magnis
496 2107 596 2167 sternit
605 2106 765 2184 montisque
776 2124 925 2186 supremos

152 2199 204 2254 275
219 2192 371 2270 silvifragis
382 2200 467 2251 vexat
478 2190 590 2252 flabris:
605 2193 643 2251 ita
653 2190 774 2268 perfurit
784 2193 843 2251 acri

219 2294 283 2337 eum
294 2275 406 2335 fremitu
416 2275 565 2352 saevitque
576 2275 677 2333 minaei
688 2291 828 2333 murmure
844 2284 955 2334 ventus.

218 2366 282 2419 sunt
293 2359 379 2436 igitur
388 2358 482 2433 venti,
493 2357 636 2432 nimimm‚
649 2373 771 2433 corpora
784 2373 888 2433 caeca,

104 2435 110 2441 ’
219 2460 291 2522 quae
300 2458 394 2518 mare,
407 2450 599 2518 quaetenus,
611 2457 684 2518 quae
696 2438 819 2518 denique
834 2440 929 2500 nubila
940 2439 1014 2501 caeli

218 2534 333 2586 verrunt
343 2542 377 2584 ac
388 2523 483 2584 subito
494 2524 624 2583 vexantia
634 2523 745 2584 turbine
756 2532 881 2601 raptant,

150 2618 203 2674 280
215 2628 271 2670 nea
280 2610 389 2668 ratione
401 2608 489 2667 fluunt
499 2605 553 2666 alia
563 2616 744 2685 stragemque
757 2618 931 2686 propagant,

219 2701 248 2754 et
260 2710 324 2753 eum
338 2689 433 2752 mollis
443 2707 533 2769 aquae
545 2689 740 2751 ierturnatura
754 2700 874 2770 repente

219 2778 332 2837 flumine
343 2774 511 2852 abundanti,
523 2791 606 2852 quam
618 2773 707 2851 largis
718 2775 855 2835 imbribus
871 2786 957 2853 auget

219 2860 360 2920 montibus
372 2876 409 2919 ex
418 2858 482 2919 altis
493 2876 610 2934 maguus
625 2860 764 2919 decursus
776 2860 857 2937 aquai
864 2904 873 2934 ‚

218 2944 353 3021 fragmina
365 2943 510 3003 coniciens
520 2942 653 3003 silvarum
662 2943 832 3020 arbustaque
844 2950 918 3018 tota,

149 3038 202 3092 285
217 3046 272 3089 nee
281 3026 367 3086 validi
377 3035 498 3105 possunt
508 3034 611 3104 pontes
622 3025 762 3084 venientis
776 3026 858 3101 aquai

218 3112 275 3170 vim
285 3111 405 3170 subitam
416 3108 553 3170 tolerare:
562 3110 601 3168 ita
610 3124 712 3184 magno
725 3106 852 3167 turbidus
863 3108 945 3167 imbri

218 3193 340 3254 molibus
351 3195 483 3270 incurrit,
495 3191 595 3252 validis
608 3209 672 3251 eum
684 3190 807 3267 viribus,
819 3192 925 3267 amnis,

219 3277 265 3338 dat
277 3277 371 3338 souitu
381 3293 484 3354 magno
496 3285 638 3353 stragem,
650 3272 797 3353 volvitque
811 3273 865 3333 sub
877 3274 959 3335 undis

217 3360 332 3440 grandia
343 3351 427 3437 sais,
442 3368 525 3419 ruunt
536 3377 610 3436 quae
621 3356 757 3435 quidquid
769 3356 902 3418 fluetibus
914 3360 1017 3420 obstat.

151 3453 204 3508 290
218 3447 260 3505 sie
272 3446 357 3522 igitur
367 3443 472 3503 debent
490 3443 565 3501 venti
580 3459 693 3520 quoque
706 3440 813 3501 flamina
828 3442 912 3521 ierri,
