2340 3854
140 172 202 239 164
623 165 662 226 Vl

224 339 363 415 carmina,
378 340 523 416 picturas,
536 343 565 393 et
578 332 694 393 daedala
706 335 788 411 signa
797 332 910 413 polire,

139 432 209 487 1450
224 440 294 484 usus
306 430 336 481 et
346 421 484 498 impigrae
496 416 577 479 simul
589 418 767 495 experientia
776 419 879 477 mentis

224 504 358 586 paulatim
372 504 467 563 docuit
480 500 664 581 pedetentim
678 498 897 578 progredientis.

224 592 267 649 sic
280 605 364 647 unum
376 583 510 664 quicquid
522 582 655 665 paulatim
669 583 806 662 protrahit
817 593 895 644 aetas

223 675 252 732 in
262 669 385 731 medium
396 672 526 748 ratioque
537 670 566 727 in
575 666 687 727 luminis
700 669 783 745 erigit
794 685 874 728 oras:

222 773 345 833 namque
357 754 413 814 alid
425 772 462 813 ex
472 751 527 811 alio
540 750 704 812 clarescere
717 751 922 829 conveniebat,

140 849 207 906 1455
222 840 331 900 artibus
343 837 377 898 ad
389 853 526 897 summum
538 834 630 896 donec
640 851 748 893 venere
762 851 908 894 cacumen.

384 1232 721 1331 l.idottll1
762 1236 901 1330 elul

219 1409 311 1521 tlt
370 1402 662 1519 llllllll
720 1401 1066 1521 Nllllltl

461 1588 820 1672 susurramus.

224 1863 344 1970 Primae
360 1908 523 1986 frugiparos
537 1907 613 1967 letus
624 1907 790 1968 mortalibus
801 1908 896 1985 aegris

225 1991 384 2052 dididerunt
396 1990 534 2070 quondam
549 1990 698 2070 praeclaro
709 1993 822 2052 nomine
834 1989 980 2070 Athenae,

214 2085 253 2136 vet
268 2084 472 2137 recreaverunt
482 2077 568 2134 vitam
582 2073 723 2152 legesque
737 2084 889 2153 rogarunt,

224 2169 253 2219 et
265 2161 371 2238 primae
384 2158 523 2219 dederunt
534 2157 642 2219 solacia
653 2157 746 2218 dulcia
758 2161 850 2235 vitae,

101 2286 105 2293 ·
196 2253 212 2304 5
227 2261 290 2302 curn
305 2261 433 2321 genuere
446 2244 537 2302 virum
549 2241 596 2302 tali
610 2260 673 2303 oum
685 2241 772 2302 corde
784 2251 945 2321 repertum,

224 2328 317 2386 omnia
328 2327 456 2387 veridico
468 2328 516 2404 qui
529 2326 668 2403 quondam
684 2344 722 2386 ex
734 2344 784 2386 ore
796 2324 936 2405 proludit3

224 2411 323 2486 cuius,
336 2419 365 2469 et
377 2411 512 2484 extincti,
528 2418 648 2488 propter
659 2409 750 2469 divina
760 2418 876 2488 reperta

223 2491 366 2569 divolgata
378 2502 461 2552 vetus
474 2493 527 2551 iam
538 2492 573 2551 ad
586 2490 696 2552 caelum
707 2492 798 2569 gloria
808 2493 907 2552 fertur.

222 2594 286 2637 nam
298 2594 363 2635 curn
374 2576 444 2636 vidit
458 2575 506 2635 lric
520 2576 555 2635 ad
565 2577 670 2636 victum
682 2594 754 2655 quae
768 2576 874 2654 flagitat
884 2594 954 2637 usus

177 2671 211 2723 lo
223 2661 314 2719 omnia
325 2661 379 2720 iam
390 2659 481 2721 ferme
492 2659 656 2720 mortalibus
672 2679 739 2720 esse
750 2670 862 2741 parata,

222 2753 268 2820 et,
281 2761 419 2823 proquam
431 2754 550 2824 posset,
565 2745 649 2804 vitam
663 2746 822 2804 consistere
832 2754 936 2819 tutam,

222 2826 325 2889 divitiis
336 2829 467 2889 homines
478 2838 508 2888 et
519 2829 628 2888 honore
640 2836 670 2888 et
681 2827 764 2888 laude
775 2829 900 2906 potentis

220 2910 339 2972 affluere
351 2923 437 2991 atque
449 2913 523 2972 bona
534 2921 681 2988 gnatorum
694 2910 941 2988 excellenciam,

219 3013 275 3055 nac
286 2997 376 3056 minus
391 3015 458 3055 esse
471 2994 546 3054 domi
558 2997 685 3074 cuiquam
696 3004 788 3056 tamen
800 2997 880 3055 auxia
891 2993 996 3072 corda,

172 3089 205 3142 15
217 3089 301 3157 atque
313 3081 395 3138 animi
407 3081 523 3155 ingratis
535 3080 620 3139 vitam
631 3097 737 3139 vexare
749 3083 855 3141 timore

220 3161 340 3221 faustam
351 3171 435 3241 atqua
447 3163 558 3223 infestis
571 3165 637 3240 cogi
649 3165 760 3223 saevire
774 3160 929 3242 querellis,

219 3244 362 3323 intellegit
373 3246 412 3305 ibi
423 3247 520 3305 vitium
532 3265 583 3307 vas
597 3247 716 3306 ellicere
728 3248 838 3326 ipsum,

220 3329 371 3408 omniaque
383 3328 458 3389 illius
474 3331 543 3389 vitio
557 3331 735 3409 corrumpier
746 3332 839 3408 intus,

220 3430 293 3494 quae
308 3412 418 3474 conlata
430 3413 518 3491 ioris,
533 3424 562 3474 et
575 3414 740 3492 commoda,
754 3432 875 3494 cumque
887 3412 1038 3480 venirentz
