2340 3854
578 250 592 311 1

170 413 338 493 corporibus
349 413 472 488 iaciunt,
485 432 580 494 neque
590 429 706 494 pausum
716 423 792 476 stare
804 412 929 492 fragori,

170 515 226 558 uec
237 513 367 577 prorsum
377 498 406 556 in
416 495 504 559 rebus
516 499 658 558 minimum
670 499 831 559 consistere
846 498 1012 576 quicmranu

169 598 233 641 cum
243 580 389 643 videamus
400 581 428 640 id
440 589 596 642 extremum
608 583 746 660 cuiusque
759 597 895 641 cacumen

106 673 237 728 incesse
249 663 325 743 quod
335 663 371 725 ad
381 681 485 726 seusus
495 672 611 727 nostros
621 666 762 724 minimum
773 682 840 725 esse
851 664 982 742 videtur,

170 748 305 809 conicere
315 757 347 809 ut
356 750 453 828 pessis
465 766 502 808 ex
513 748 587 825 bac,
600 765 674 826 quae
685 764 805 808 eernere
816 765 873 807 nou
885 750 949 826 quis

170 839 327 891 extremum
340 830 549 910 quadrurbem,
560 832 701 891 minimum
713 832 872 892 consistere
880 848 1032 910 proruam.

169 914 226 973 buc
236 915 349 976 accedit
360 917 415 994 uti,
427 918 558 994 quonium
569 915 720 994 primordia
732 931 827 976 rerum

169 996 265 1057 mollia
277 1000 466 1077 constituunt,
479 1010 552 1078 quae
564 1015 617 1061 nos
629 1001 721 1060 nativa
731 997 859 1059 videmus

105 1089 156 1144 755
168 1099 236 1142 esse
248 1090 278 1142 et
289 1081 398 1142 mortali
413 1100 476 1144 cum
487 1101 628 1163 corpore,
641 1082 768 1143 funditus
779 1099 871 1161 usque

169 1163 273 1224 debeat
284 1166 319 1225 ad
329 1165 415 1226 nilum
427 1169 480 1226 iam
490 1185 585 1229 rerum
595 1183 701 1228 summa
711 1167 819 1226 reverti

169 1248 205 1308 de
216 1246 333 1328 niloque
344 1259 440 1311 renata
450 1253 604 1328 vigescere
617 1252 702 1328 copia
710 1264 818 1316 rerum;

169 1347 287 1409 quorum
298 1343 447 1411 utrumque
459 1333 526 1411 quid
537 1352 554 1392 a
564 1349 636 1393 vero
647 1335 701 1392 iam
712 1331 799 1392 distet
809 1331 937 1392 babebis.

170 1414 271 1474 deiude
283 1417 395 1476 inimica
405 1415 496 1477 modis
509 1414 605 1477 multis
616 1424 681 1476 sunt
691 1424 777 1494 atque
789 1433 901 1476 veneno

107 1504 158 1564 760
168 1499 231 1578 ipsu
243 1497 298 1558 sibi
310 1501 384 1559 inter
394 1518 442 1569 se3
455 1517 542 1579 quare
554 1509 602 1560 aut
613 1515 771 1578 congressa
781 1499 931 1578 peribunt,

168 1590 215 1643 aut
225 1583 264 1642 ita
274 1581 423 1661 diffugient
433 1592 463 1644 ut
474 1592 646 1663 tempestate
658 1592 758 1645 coacta

168 1665 282 1726 fulmina
294 1667 434 1744 diffugere
444 1676 530 1748 atque
541 1668 639 1729 imbris
653 1676 814 1744 uentosque
824 1664 962 1726 videmus.

208 1749 340 1829 Denique
355 1761 486 1829 quattuor
495 1771 533 1812 ex
543 1752 631 1814 rebus
642 1753 667 1813 si
680 1759 782 1812 cuncte
793 1759 925 1811 creantur

167 1844 253 1913 atque
264 1836 293 1894 iu
303 1853 353 1896 eus
364 1853 474 1896 rursum
485 1853 534 1897 res
545 1837 637 1896 omnia
649 1832 861 1910 dissoluuntur,
935 1860 940 1866 ·

104 1925 154 1982 755
166 1920 213 1998 qui
224 1921 313 1997 magis
325 1917 372 1979 ilia
387 1929 493 1998 queunt
503 1938 597 1981 rerum
607 1919 759 1999 primordia
770 1916 826 1977 dici

167 2019 249 2080 quam
260 2012 359 2063 contra
369 2022 417 2064 res
427 2002 541 2063 iliarum
550 2013 686 2082 retroque
697 1997 809 2081 puterii

167 2083 283 2146 alteruis
294 2086 447 2163 gignuntur
458 2088 532 2146 enirn
543 2095 706 2163 mutantque
718 2083 846 2145 colorem

167 2177 294 2229 ettotam
306 2170 380 2228 inter
389 2188 423 2229 se
434 2179 559 2230 naturam
568 2179 699 2248 tempore
710 2167 745 2227 ab
757 2167 840 2226 omni.

103 2259 155 2314 770
166 2252 209 2313 sin
223 2253 261 2312 ita
272 2250 348 2312 forte
359 2262 441 2330 putas
452 2254 526 2330 ignis
538 2261 689 2331 terraeque
702 2252 780 2311 coire

168 2352 273 2415 corpus
284 2344 314 2396 et
325 2337 416 2397 senus
429 2354 511 2397 auras
524 2353 676 2415 roremque
687 2335 823 2414 liquoris,

166 2418 205 2479 nii
216 2421 245 2479 in
256 2419 380 2480 concilio
390 2430 515 2483 naturum
525 2429 555 2482 ut
566 2430 656 2482 mutet
667 2437 782 2491 earum,

165 2500 242 2562 nulla
253 2503 304 2563 tibi
317 2522 354 2564 ex
364 2503 421 2566 illis
431 2506 539 2585 poterit
548 2523 597 2566 res
609 2523 677 2566 esse
689 2513 801 2581 creata,

165 2602 222 2646 uon
233 2587 375 2665 animans,
386 2606 444 2649 nou
455 2590 583 2650 exanimo
597 2605 661 2648 curn
673 2603 814 2665 corpore,
826 2596 856 2646 ut
867 2587 968 2647 arbos:

100 2675 152 2731 775
165 2671 272 2748 quippe
283 2688 361 2730 suum
372 2673 497 2750 quicque
508 2674 537 2732 iu
548 2681 634 2734 coetu
645 2672 777 2731 variantis
790 2671 886 2753 acervi

165 2760 290 2812 naturam
301 2755 450 2831 ostendet,
462 2756 623 2833 mixtusque
633 2754 775 2815 videbitur
784 2759 836 2812 uer

148 2836 150 2840 ’
167 2851 231 2895 cum
241 2844 317 2895 terra
327 2836 409 2895 simul
420 2845 505 2915 atque
517 2837 602 2898 ardor
613 2855 677 2897 cum
686 2853 753 2895 rore
764 2852 888 2895 manere.

166 2926 193 2979 at
205 2917 355 2996 primordia
367 2919 520 2998 gignundis
531 2921 559 2980 iu
569 2920 649 2980 rebu'
660 2928 813 2979 necessest

165 3011 289 3063 naturam
301 3001 503 3065 clandestinam
514 3022 685 3083 caecamque
698 3002 849 3070 adhibere;

101 3094 154 3150 780
167 3087 288 3148 emineat
300 3105 337 3148 nc
349 3087 432 3168 quid,
445 3087 522 3167 quod
533 3098 631 3150 contre
640 3096 749 3168 pugnet
761 3097 790 3147 et
802 3087 898 3147 obstet

165 3188 222 3249 quo
235 3172 326 3232 minus
338 3189 407 3234 esse
421 3181 506 3250 queat
520 3174 638 3251 proprie
649 3171 850 3250 quodcumque
861 3178 982 3232 meatur.

207 3253 281 3327 Quin
293 3257 376 3316 etiam
389 3266 523 3335 repetunt
533 3274 550 3316 a
562 3254 644 3317 caelo
655 3264 740 3333 atquc
750 3255 863 3333 ignibus
875 3256 955 3332 eius,

165 3347 195 3399 et
206 3339 324 3418 primum
334 3338 440 3400 iaciunt
452 3342 547 3421 iguem
559 3359 592 3402 se
603 3349 718 3401 vertere
731 3340 852 3399 inauras

164 3423 258 3500 abris,
270 3421 336 3484 hinc
347 3423 465 3484 imbrem
475 3424 571 3502 gigni,
583 3434 743 3502 terramque
758 3425 849 3485 creari

101 3513 152 3570 785
165 3523 202 3567 ex
213 3505 296 3567 imbri
308 3552 318 3586 ,
332 3515 469 3588 retroque
480 3525 496 3567 a
507 3515 584 3568 terra
595 3517 696 3569 cuncta
707 3509 831 3584 reverti,
