2340 3922
558 189 584 248 V
1007 185 1067 253 151

89 366 144 423 965
155 375 211 419 nec
224 374 371 418 commune
381 355 486 417 bonum
497 365 629 434 poterant
640 365 792 433 spectare,
804 372 899 434 neque
911 354 976 417 ullis

156 442 282 502 moribus
291 441 365 500 iuter
378 458 411 500 se
423 439 533 500 scibant
542 457 598 499 nec
609 439 724 516 legibus
737 439 786 498 uti.

158 524 235 604 quod
248 524 351 603 cuique
363 521 505 583 obtulerat
518 520 642 600 praedae
654 522 782 599 fortuna,
795 520 908 582 ferebat

158 616 262 688 sponte
274 623 325 668 sua
336 606 390 666 sibi
406 606 527 684 quisque
538 604 637 665 valere
649 614 678 665 et
689 607 788 665 vivere
801 604 912 666 doctus.

158 700 188 752 et
201 690 300 750 Venus
310 691 339 748 in
351 689 432 750 silvis
444 688 579 766 iungebat
594 706 717 768 corpora
730 695 883 748 amantum:

92 782 148 838 969
159 772 327 834 conciliabat
338 773 412 832 enirn
422 771 470 831 vel
481 781 576 831 mutua
590 789 729 851 quamque
742 771 846 849 cupido

159 857 207 917 vel
218 856 344 916 violenta
356 856 409 914 viri
420 856 464 915 vis
476 863 562 932 atque
574 855 693 934 inpensa
704 853 790 914 libido

159 939 208 1000 vel
223 941 362 1019 pretium,
375 936 494 1014 glandes
505 947 592 1016 atque
604 939 692 999 arbita
701 936 750 996 vel
764 938 826 1017 pira
836 935 921 998 lecta.

160 1032 190 1082 et
200 1039 328 1082 manuum
339 1023 408 1081 mira
417 1019 484 1081 freti
493 1023 599 1082 virtute
610 1021 772 1101 pedumque

160 1105 396 1166 consectabantur
407 1103 550 1166 silvestria
560 1104 657 1165 saecla
668 1104 806 1180 ferarum,

95 1197 149 1253 965
159 1188 303 1266 multaque
316 1187 486 1264 vincebant,
497 1188 621 1248 vitabant
631 1205 723 1266 pauca
733 1187 868 1263 latebris,

160 1273 369 1349 saetigerisque
380 1287 465 1349 pares
478 1271 566 1331 subus

160 1353 315 1416 missilibus
328 1355 404 1414 saxis
416 1363 445 1414 et
458 1370 560 1432 magno
575 1352 703 1433 pondere
718 1350 825 1414 clavae.

565 1436 708 1497 silvestria
719 1436 844 1496 membra

161 1521 234 1581 nuda
246 1520 347 1580 dabant
359 1528 469 1597 terrae,
482 1529 622 1580 nocturno
633 1529 767 1598 tempore,
777 1520 869 1598 capti,

94 1612 150 1669 970
161 1605 267 1664 circum
278 1621 312 1663 se
323 1601 399 1663 loliis
410 1621 445 1663 ae
456 1602 602 1664 frondibus
613 1601 803 1679 involventes.

161 1705 216 1748 nec
226 1685 365 1765 plangore
379 1685 454 1746 diem
465 1705 567 1764 magno
579 1686 728 1765 solemque
742 1705 795 1765 per
806 1702 891 1764 agros

163 1769 337 1850 quaerebant
347 1769 441 1847 pavidi
453 1769 584 1850 palantes
595 1772 689 1831 noetis
700 1771 728 1829 in
742 1770 865 1846 umbris,

162 1851 214 1914 sed
224 1853 302 1912 taciti
313 1853 514 1930 respectabant
526 1870 682 1933 somnoque
697 1851 819 1932 sepulti,

162 1935 228 1995 dum
237 1952 322 1996 rosea
332 1934 398 1996 face
412 1935 457 1995 sol
468 1936 586 1997 inferret
600 1937 704 1997 lumina
715 1934 812 1996 caelo:

98 2026 151 2082 975
161 2036 178 2078 a
190 2019 285 2097 parvis
297 2017 374 2096 quod
386 2021 460 2078 enim
472 2029 642 2079 consuerant
654 2037 774 2078 cernere
786 2036 902 2098 semper

162 2100 270 2182 alterno
284 2101 418 2162 tenebras
430 2110 458 2162 et
469 2101 564 2162 lucem
574 2111 704 2182 tempore
715 2102 810 2178 gigni,

162 2202 220 2245 non
231 2193 291 2244 erat
303 2193 333 2244 ut
344 2184 405 2244 lieri
417 2195 518 2264 posset
528 2187 655 2245 mirarier
666 2202 797 2263 umquam

163 2285 218 2328 uec
233 2266 379 2344 diffidere,
391 2286 428 2327 ne
442 2278 533 2328 terras
547 2276 662 2329 aeterna
672 2276 784 2327 teneret

161 2351 259 2410 nonin
274 2360 443 2429 perpetuum
454 2350 581 2412 detracto
594 2350 698 2411 lumine
710 2350 789 2412 solis.

96 2440 151 2496 989
161 2432 215 2495 sed
229 2435 318 2509 magis
330 2433 400 2493 illud
412 2443 472 2494 erat
485 2453 587 2512 curae,
601 2437 677 2513 quod
689 2435 785 2495 saecla
796 2435 917 2495 ferarum

162 2514 294 2576 infestam
304 2517 415 2578 miseris
427 2517 568 2578 iaciebant
580 2536 668 2598 saepe
681 2521 819 2597 quictem:

164 2599 307 2677 eiectique
321 2598 404 2659 domo
417 2599 564 2677 fugiebant
575 2619 661 2662 saxea
671 2611 749 2661 tecta

162 2683 317 2761 spumigeri
329 2685 388 2743 suis
402 2682 523 2744 adventu
535 2684 656 2746 validive
667 2683 775 2761 leonis,

162 2774 248 2843 atque
258 2767 428 2845 intempesta
443 2766 582 2828 cedebant
593 2775 678 2826 nocte
691 2775 830 2844 paventes

98 2853 150 2909 985
160 2846 321 2927 hospitibus
332 2850 426 2909 saevis
438 2851 553 2911 instrata
565 2848 668 2910 cubilia
679 2848 788 2908 fronde.

205 2929 268 2990 Nec
280 2930 364 2991 nimio
376 2941 435 2991 tum
446 2933 512 3012 plus
526 2951 608 3011 quarn
619 2950 693 2993 nunc
704 2929 831 2992 mortalia
841 2927 937 2990 saecla
1007 2943 1008 2946 ’

163 3013 256 3074 dulcia
266 3013 430 3094 linquebant
444 3014 565 3077 labentis
577 3016 679 3076 lumina
689 3016 774 3074 vitae.

163 3115 234 3178 nnus
246 3099 320 3156 enim
332 3107 389 3157 tum
401 3100 521 3176 quisque
535 3101 624 3177 magis
635 3098 793 3178 deprensus
805 3113 903 3156 eorum

162 3179 265 3258 pabula
279 3182 342 3240 viva
353 3180 423 3240 feris
438 3183 609 3259 praebebat,
623 3182 753 3243 dentibus
764 3180 899 3254 haustus5

98 3269 151 3323 990
161 3271 191 3322 et
202 3281 317 3323 nemora
328 3281 362 3323 ac
376 3266 478 3324 montis
490 3267 597 3342 gemitu
609 3265 754 3343 silvasque
766 3263 916 3342 replebat,

162 3347 226 3405 viva
236 3346 336 3406 videns
347 3347 413 3406 vivo
424 3347 542 3425 sepeliri
553 3348 664 3409 viscera
678 3349 771 3409 busto.
791 3419 794 3423 Ι

161 3436 189 3486 at
200 3445 273 3506 quos
288 3426 422 3506 ellugiara
432 3439 557 3490 servarat
568 3447 689 3510 corpore
701 3429 805 3506 adeso,
887 3448 889 3452 ’
