2340 3854
139 185 200 250 llo
621 182 662 244 lV

157 363 210 417 920
221 354 401 430 eiectamque
417 350 508 421 loram
521 368 580 412 non
590 368 718 411 omnem:
729 368 852 431 namque
863 352 975 413 iaceret

222 446 341 497 aeterno
353 451 460 512 corpus
474 435 621 514 perfusum
632 434 741 512 irigore
755 433 816 495 leti.

223 523 350 599 quippe,
363 519 411 579 ubi
421 518 500 580 nulla
509 518 602 579 latens
613 519 713 578 animai
724 535 791 596 pars
801 528 963 581 remaneret

222 605 250 662 in
261 592 413 680 membris,
426 605 523 663 cinere
534 611 565 662 ut
575 600 662 662 multu
672 600 742 662 latet
753 602 872 663 obrutus
882 604 979 682 ignis,

223 686 298 747 unde
309 686 460 747 reconllari
472 705 576 747 sensns
587 704 642 765 per
651 686 778 746 membra
789 695 915 765 repente

160 780 210 835 ote
226 781 344 849 posset,
357 780 387 830 ut
399 788 436 830 ex
446 772 506 848 igni
516 786 606 831 caeco
617 786 795 848 consurgere
808 769 940 831 llamma'l

267 854 327 915 Sed
338 855 442 939 quibus
452 854 525 915 baec
536 854 623 915 rebus
635 855 746 914 nouitas
759 854 881 931 conflat,
895 863 926 914 et
935 854 1012 916 unde

223 937 381 1017 perturbari
392 940 482 997 anima
492 947 523 998 et
537 955 644 1016 corpus
655 937 847 1015 languescere
857 940 970 1017 possit,

225 1021 390 1100 expediam:
404 1029 435 1080 tu
450 1021 496 1081 lac
507 1040 544 1082 ne
555 1023 649 1083 aeuus
659 1020 750 1082 verba
760 1021 938 1100 profundam.

225 1106 365 1184 principio
376 1114 494 1166 externa
499 1122 611 1185 corpus
623 1105 659 1165 de
670 1113 752 1183 parte
763 1115 992 1185 necessumst,

163 1198 216 1252 930
225 1191 311 1249 aeriis
325 1190 455 1268 quoniam
465 1191 589 1250 uicinum
599 1191 723 1266 tangitur
732 1191 827 1267 auris,

225 1272 337 1334 tundier
346 1283 433 1352 atqua
444 1274 480 1334 ab
491 1274 554 1335 ibus
568 1274 671 1334 crebro
683 1272 824 1351 pulsarier
832 1274 910 1351 ictu,

225 1367 438 1437 proptereaque
449 1356 511 1418 lere
521 1375 570 1418 res
582 1375 681 1417 omues
693 1367 741 1417 aut
753 1359 832 1417 conio
847 1366 913 1417 sunt

226 1451 273 1501 aut
285 1443 368 1502 etiam
380 1441 499 1502 conchis
509 1451 557 1502 aut
568 1440 644 1502 callo
654 1451 701 1501 aut
713 1442 822 1501 cortice
835 1450 942 1502 tectae.

226 1527 390 1586 interiorem
404 1527 489 1585 etiam
501 1535 610 1604 partem
622 1525 795 1605 spirantibus
807 1530 859 1584 aer

164 1618 215 1672 935
227 1609 359 1670 uerberat
371 1609 419 1669 bic
429 1608 519 1686 idem,
532 1627 597 1669 curn
607 1610 720 1669 ducitur
731 1618 818 1687 atque
829 1608 956 1669 rebatur.

227 1711 314 1772 quare
326 1695 465 1772 utrimque
477 1710 564 1754 secus
576 1711 640 1754 cum
652 1710 758 1772 corpus
768 1691 903 1771 vapulet,
918 1700 949 1753 et
960 1694 1026 1755 eum

226 1779 393 1856 perveniant
404 1776 507 1855 plagae
518 1794 571 1855 per
581 1794 668 1855 parva
678 1776 813 1836 foramina
824 1777 909 1837 nobis

228 1862 358 1938 corporis
369 1861 404 1921 ad
418 1862 522 1939 primas
535 1862 624 1939 partis
636 1859 835 1939 elementaque
847 1862 952 1939 prium,

229 1944 258 2004 lit
269 1946 349 2023 quasi
359 1944 492 2024 paulatim
502 1944 586 2005 uobis
597 1962 652 2023 per
661 1944 787 2005 membra
797 1946 886 2005 ruina.

165 2036 217 2092 940
228 2029 431 2090 conturbantur
441 2030 515 2089 enim
526 2030 673 2108 positurae
684 2029 888 2107 principiorum

229 2115 359 2192 corporis
370 2122 456 2192 atque
467 2114 558 2172 animi.
571 2113 602 2172 iit
612 2114 652 2172 uti
667 2130 733 2191 pars
743 2112 809 2172 inde
820 2113 919 2173 anintai

229 2198 405 2274 eiciatur‚et
414 2199 565 2258 introrsum
575 2215 642 2276 pars
653 2194 748 2256 abdita
761 2196 861 2273 cedat,
973 2242 978 2247 -

228 2298 295 2358 pars
307 2282 391 2340 etiam
402 2281 536 2342 distracta
547 2299 601 2359 per
610 2289 688 2340 artus
698 2297 756 2340 non
767 2289 853 2359 queat
864 2297 933 2342 esse

229 2365 379 2424 coniuncta
390 2366 464 2425 inter
474 2383 507 2424 se
518 2382 612 2442 neque
623 2371 701 2423 motu
711 2373 806 2425 mutua
817 2363 914 2442 iungi:

165 2455 216 2510 945
228 2448 302 2506 inter
312 2449 387 2524 enirn
399 2449 491 2525 saepit
502 2457 605 2508 coetus
616 2455 713 2507 natura
722 2450 858 2526 uiasque:

229 2548 300 2608 ergo
314 2549 418 2590 sensus
429 2531 486 2591 abit
497 2532 608 2591 mutatis
622 2531 745 2591 motibus
758 2530 826 2592 alte.

229 2623 258 2673 et
271 2615 400 2692 quoniam
412 2633 468 2675 nou
483 2624 530 2676 est
542 2616 622 2694 quasi
638 2614 714 2694 quotl
725 2614 868 2676 sullulciat
877 2622 974 2693 artus,
1074 2654 1078 2659 -

229 2697 324 2759 debile
336 2699 367 2759 lit
379 2716 501 2779 corpus,
514 2699 761 2778 languescuntque
774 2699 1020 2775 pneumon,

229 2783 342 2843 bracbia
353 2784 568 2863 palpebraeque
579 2782 699 2860 cadunt,
712 2781 897 2861 poplitesque
908 2782 1027 2845 cubanti

165 2872 217 2927 950
229 2885 317 2945 saepe
327 2877 420 2928 umen
432 2871 640 2929 summittuntur
649 2869 778 2946 virisque
789 2865 948 2928 resolvunt,

230 2950 332 3010 deinde
344 2952 438 3012 cibum
451 2953 580 3030 sequitur
591 2968 723 3029 somnus,
737 2952 819 3030 quia,
836 2969 910 3030 quae
921 2948 1076 3031 nutam,

229 3034 301 3093 baec
311 3035 411 3095 eadem
426 3035 525 3110 cibus,
538 3036 566 3093 in
576 3052 664 3096 uenas
676 3035 741 3094 dum
752 3034 856 3095 diditur
866 3036 977 3113 omnis,

229 3117 326 3177 efficit.
340 3128 369 3177 et
378 3118 467 3179 multo
481 3134 571 3195 sopor
580 3116 631 3178 ille
643 3121 827 3197 gaucelmus
840 3128 952 3197 entur,

231 3218 315 3279 quern
326 3212 404 3263 satur
416 3200 567 3261 autlassus
583 3204 695 3280 capias,
711 3205 776 3283 quia
787 3202 906 3281 plurima
917 3212 1025 3265 tum-se

167 3292 217 3344 955
230 3302 352 3364 corpora
363 3285 530 3346 conturbant
544 3303 645 3364 magno
658 3297 776 3348 contusa
787 3287 897 3348 labore.
1007 3316 1011 3321 ·

152 3398 157 3407 ·
230 3369 260 3428 lit
270 3371 378 3430 ratione
390 3368 490 3431 eadem
504 3372 653 3432 coniectus
667 3373 768 3450 partim
780 3372 880 3431 animai

229 3451 328 3533 altior,
341 3464 427 3535 atque
439 3453 516 3516 foras
528 3457 640 3516 eiectus
654 3455 761 3532 largior
772 3457 853 3533 eius,
