2340 3854
138 210 181 277 tc
506 162 509 169 ¹
623 210 651 273 n

225 395 328 439 sensus
340 387 405 438 ante
417 380 506 456 ipsam
517 379 641 455 genitam
652 387 777 438 naturam
788 379 956 456 animantis,
1046 404 1050 409 ·

224 461 379 538 nimirum,
392 462 457 539 quia
468 461 602 521 mater-ies
613 461 734 522 disiecta
747 469 860 522 tenetur

162 552 215 606 940
225 550 311 621 aere,
327 543 500 621 dominibus,
513 544 613 620 terris,
626 543 782 623 aethraque
797 547 919 622 creatis,
976 548 979 553 '

225 645 280 687 nec
293 643 450 705 congressa
464 628 548 687 modo
557 625 868 689 ritalis'convcnientcs

227 710 344 771 contulit
356 713 430 771 inter
440 731 474 772 se
485 721 595 788 motus,
607 712 711 790 qulbus
723 714 909 773 omniolentos

225 797 342 855 accensi
353 814 456 856 sensus
468 798 635 856 animantem
647 814 789 874 quamque
800 804 922 856 tuentur.

267 878 419 940 Praeterea
430 880 556 957 quamvis
567 881 733 945 animantem
746 879 877 956 grandior
889 881 965 940 ictus

162 969 214 1024 945
227 981 310 1041 quam
321 965 426 1041 patitur
437 971 549 1039 natura,
563 973 684 1041 repento
697 956 809 1040 adlligit'
817 972 846 1023 ot
857 965 948 1024 omnis

227 1049 355 1124 corporis
369 1055 455 1125 atque
470 1048 552 1105 animi
563 1049 658 1125 pergit
671 1046 845 1108 confundere
858 1064 972 1129 smnus.

226 1129 418 1191 dissoluuntur
431 1131 504 1191 enim
518 1132 665 1208 positurae
681 1133 899 1210 principiorum,

226 1223 256 1275 et
270 1217 383 1294 penitus
394 1224 487 1275 motus
498 1213 600 1275 vitales
612 1215 810 1294 inpediuntur,

226 1299 319 1358 donoc
330 1300 481 1375 matedes,
495 1301 586 1359 omnis
602 1315 742 1360 concussa
754 1317 807 1377 per
819 1309 913 1376 artus,

133 1450 142 1463 ‚
163 1391 215 1444 950
228 1381 321 1443 vitalis
335 1385 444 1443 animae
455 1382 546 1442 nodos
559 1401 575 1442 a
589 1400 711 1462 corpore
726 1376 812 1444 solvit

226 1465 441 1546 dispersamque
454 1466 530 1526 loros
545 1484 599 1545 per
613 1467 709 1528 caulas
722 1468 808 1528 eiecit
821 1469 925 1528 omnis:

225 1569 288 1610 nam
300 1551 367 1628 quid
382 1559 531 1628 pmeterea
541 1550 639 1611 iacere
653 1552 740 1611 lotum
751 1568 841 1630 posse
853 1569 965 1611 reamur

226 1632 369 1711 oblatum,
383 1635 437 1694 uisi
449 1634 593 1694 discutere
604 1652 640 1694 ac
651 1634 812 1696 dissolvero
824 1632 979 1714 quasque?

227 1719 256 1777 lit
269 1734 384 1795 quoque
396 1719 435 1777 uti
447 1715 559 1787 soleant
572 1720 662 1779 minus
677 1719 774 1779 oblato
789 1722 894 1779 acriter
903 1721 961 1779 ictu

162 1810 213 1863 955
225 1800 328 1880 reliqui
339 1811 432 1862 motus
443 1800 536 1861 vitalis
547 1803 664 1863 vincere
675 1819 783 1882 saepe,

225 1887 360 1960 vincere,
374 1894 402 1945 ct
414 1887 537 1962 ingentis
549 1885 651 1964 plagae
663 1887 766 1948 sedare
778 1886 930 1964 tumultus,

226 1969 311 2046 inque
324 1985 393 2028 suos
404 1969 538 2048 quicquid
550 1988 647 2030 rursus
657 1987 796 2031 revocare
811 1981 939 2047 meatus,

227 2061 256 2112 et
270 2054 349 2130 quasi
364 2053 416 2113 iarn
429 2051 479 2112 leti
495 2052 683 2115 dominantem
699 2056 727 2114 in
740 2069 862 2133 corpore
873 2063 978 2114 motum

227 2134 388 2214 discutere,
404 2153 438 2196 ac
450 2154 542 2215 paone
554 2139 673 2199 amissos
688 2138 849 2199 accendere
863 2156 980 2199 sensus:

163 2227 216 2283 960
225 2237 288 2278 nam
301 2238 389 2297 quare
401 2222 495 2298 potius
507 2219 557 2281 leti
571 2223 624 2281 iana
638 2220 732 2282 limine
744 2223 779 2283 ab
793 2225 858 2300 ipso

226 2302 260 2362 ad
272 2304 357 2363 vitam
367 2305 460 2381 possit
473 2304 604 2365 conlecta
616 2315 712 2366 mente
722 2308 846 2382 revorti,

227 2404 308 2464 quam
321 2403 377 2464 quo
390 2386 541 2448 decursum
552 2406 644 2468 propo
656 2391 709 2449 iarn
721 2391 777 2449 siet
788 2390 829 2447 iro
841 2396 871 2447 ct
881 2384 982 2446 abire?

225 2479 398 2548 propterea,
411 2473 542 2549 quoniam
554 2471 637 2532 dolor
650 2482 712 2549 cst,
726 2472 774 2531 ubi
784 2472 909 2533 materiai

227 2569 347 2631 corpora
357 2555 385 2612 vi
397 2554 515 2634 quadam
526 2575 579 2634 per
592 2557 704 2616 viscera
715 2557 779 2614 viva
789 2573 842 2631 per
854 2564 929 2613 artus

161 2645 213 2700 965
225 2636 377 2698 sollicitata
389 2640 448 2698 suis
460 2639 602 2718 trepidant
612 2641 641 2698 in
652 2638 768 2700 sedibus
782 2639 875 2714 intus,

226 2723 313 2800 inque
325 2720 420 2782 locum
432 2723 544 2800 quando
557 2724 725 2800 remigrunt,
740 2722 769 2781 tit
780 2720 881 2782 blanda
892 2721 1046 2800 voluptas,

226 2806 301 2865 scire
314 2803 384 2866 licet
394 2804 473 2865 nullo
485 2806 635 2884 primordia
646 2822 734 2883 posse
746 2803 846 2864 dolore

225 2890 356 2967 temptari
367 2889 529 2967 nullamque
543 2889 718 2967 voluptatem
733 2907 838 2968 capere
856 2908 893 2950 ex
905 2909 952 2958 se:

226 2973 453 3050 quandoquidem
465 2989 522 3031 non
536 2980 617 3049 sunt,
633 2991 671 3032 ex
683 2972 750 3033 ullis
762 2975 963 3052 principiorum

160 3063 213 3118 ato
225 3057 412 3135 corporibus,
425 3072 544 3134 quorum
558 3065 651 3116 motus
668 3060 792 3118 novitate
807 3057 937 3118 laborent

224 3150 271 3201 aut
283 3139 406 3219 aliquem
417 3140 539 3199 fructum
552 3141 663 3218 capiant
675 3140 832 3202 dulcedinis
844 3141 952 3202 almae.

224 3223 291 3284 haut
302 3225 389 3302 igitur
400 3222 506 3286 debent
517 3242 585 3284 csse
596 3223 656 3285 ullo
670 3226 798 3305 praedita
808 3244 904 3286 sensu.

265 3306 397 3384 Denique
408 3308 448 3367 uti
461 3309 572 3386 possint
584 3312 690 3370 sentire
703 3308 829 3370 animalia
840 3327 991 3388 quaeque,

222 3391 369 3470 principiis
383 3392 407 3451 si
418 3393 473 3450 iam
483 3401 529 3453 est
545 3411 648 3454 sensus
659 3393 825 3455 tribuendus
839 3408 953 3469 eorum,

158 3479 210 3536 ota
223 3473 307 3554 quid,
319 3492 411 3552 genus
423 3473 571 3537 humanum
583 3479 731 3558 propritim
743 3475 779 3535 de
792 3476 888 3554 quibu’
900 3469 1056 3535 factumst?
