2340 3854
138 195 200 260 lat
618 193 655 253 Ν

222 363 283 424 sive
294 364 385 421 virum
396 360 515 422 suboles
529 361 619 421 sivest
629 358 776 420 muliebris
789 361 882 440 origo.

140 455 206 508 rabo
263 443 327 506 Neo
338 445 431 506 divina
445 453 536 505 satum
550 441 704 520 genitalem
717 444 828 504 nunrina
842 445 975 524 euiquam

221 530 399 605 absterrent,
413 535 495 608 pater
504 545 521 586 a
531 527 624 603 qumis
636 544 673 586 ne
685 525 816 588 dulelbas
827 544 959 607 umqum

221 611 383 691 appelletur
393 621 425 672 et
435 619 466 671 ut
476 609 567 671 sterili
577 609 693 669 Venere
707 611 804 687 exigat
816 628 933 681 aeuom3

222 694 299 774 quod
309 694 479 774 plerumque
488 701 606 772 putant,
620 701 650 753 et
662 691 751 753 multo
762 695 902 772 sugens
910 695 1015 756 mati

223 787 418 856 conspergunt
427 794 491 838 aras
503 776 677 855 adolentque
689 775 786 836 altaria
797 777 898 857 denir,

141 871 207 924 1230
222 871 252 922 ut
266 861 397 939 gravidas
409 860 527 922 reddant
536 876 643 920 uxores
653 861 763 921 semine
774 859 873 938 largo,

222 946 408 1024 nequiquam,
423 944 518 1003 divom
529 960 632 1003 numen
643 944 788 1022 sortisque
799 943 927 1022 irriguit.

223 1046 285 1087 nam
296 1026 411 1088 steriles
421 1029 535 1087 nimium
546 1043 645 1087 erusso
657 1036 723 1087 sunt
738 1028 847 1087 semine
856 1028 972 1106 partim,

224 1121 253 1172 et
265 1110 372 1190 liquido
384 1120 499 1190 praeter
509 1111 612 1170 lustum
623 1110 760 1188 tenuique
771 1111 908 1172 rieissirn

224 1205 310 1255 tenve
321 1193 395 1255 loeis
408 1196 540 1273 quianon
551 1194 627 1272 potis
639 1202 684 1253 est
696 1192 824 1270 adfigere
836 1193 1010 1272 adhaesum,

140 1287 207 1341 1235
222 1278 338 1358 liquitur
349 1276 495 1356 extemplo
503 1287 534 1338 et
544 1285 709 1338 revocatum
722 1277 798 1337 sedit
809 1277 920 1339 abortu.

224 1364 348 1423 orossius
360 1361 405 1423 bis
415 1378 504 1441 porro
516 1362 646 1440 quoniam
658 1361 823 1421 ooneretlus
834 1378 928 1440 aequo

224 1447 358 1523 mittitur,
374 1455 421 1506 aut
431 1453 555 1506 nontam
565 1443 679 1523 prolixo
691 1443 892 1523 provolutiotu

224 1539 271 1589 aut
280 1539 432 1608 penetrare
446 1529 529 1590 loeos
541 1545 634 1606 aeque
645 1529 744 1606 nequit
757 1535 805 1587 aut
815 1535 994 1606 penetratum

224 1631 311 1691 aegre
322 1611 494 1673 admiscetur
504 1611 635 1672 muliebri
648 1612 757 1672 semine
770 1627 878 1672 semen.

142 1705 209 1758 1240
224 1714 286 1755 nam
295 1695 412 1756 multum
422 1695 584 1757 barmoniae
594 1693 718 1755 Veneris
733 1694 848 1755 dilierre
860 1693 1002 1756 videntur.

224 1789 310 1859 atque
323 1778 393 1838 alias
404 1777 451 1838 alii
464 1777 610 1856 eomplent
624 1779 731 1855 magis,
745 1796 782 1838 er
792 1776 914 1857 aliisque

225 1861 990 2021 {llllltlbbl‘llblttlbtbffitffl‘·

225 2030 371 2108 pluribus,
389 2038 418 2090 et
430 2038 531 2090 naotm
542 2039 609 2108 post
621 2037 685 2089 sunt
696 2038 791 2089 tomen
805 2028 880 2089 unde
891 2025 1011 2108 puellos

143 2122 209 2176 1245
226 2116 375 2192 suscipere
386 2123 416 2174 et
428 2123 510 2192 partu
521 2121 643 2191 possent
655 2111 798 2172 ditescere
811 2110 896 2172 dulei.

226 2207 256 2257 et
267 2198 369 2277 quibus
379 2207 444 2258 ante
458 2197 534 2258 domi
545 2196 684 2257 ieeundae
695 2213 786 2274 saepe
795 2196 963 2274 nequissent

225 2299 331 2342 uxores
346 2299 464 2360 parere,
477 2283 619 2341 inventast
630 2278 687 2340 illis
700 2296 815 2358 quoquo
828 2295 944 2357 eompar

226 2374 342 2441 natura,
355 2374 385 2424 ut
395 2374 516 2442 possent
528 2365 622 2441 gnatis
636 2365 745 2422 munire
756 2371 912 2423 senectam.

142 2539 211 2592 1250
226 2445 921 2608 tubllblbllllllbtl‘llum‘

831 2575 841 2606 b

227 2631 380 2693 crassaque
392 2616 561 2675 conveniant
574 2613 686 2693 liquidis
699 2624 729 2674 et
740 2613 846 2692 liquida
860 2612 975 2673 orastis.

227 2709 313 2777 atque
323 2699 352 2757 in
364 2717 401 2759 eo
412 2698 502 2759 reiert
513 2714 571 2778 quo
582 2701 660 2758 victu
670 2699 728 2757 rita
743 2697 869 2758 solatur:

226 2801 346 2861 namque
357 2782 419 2843 aliis
434 2782 520 2844 rebus
534 2791 725 2843 concrescunt
735 2782 843 2841 semina
853 2779 1008 2855 membris,

227 2875 311 2944 atque
323 2865 386 2926 aliis
398 2876 586 2927 extenvantur
596 2867 751 2943 tabentque
763 2866 898 2925 vicissim.

141 2956 210 3009 1255
226 2958 256 3008 et
268 2950 371 3027 quibus
383 2952 446 3027 ipsa
456 2950 547 3010 modis
562 2947 811 3009 traeteturblanda
822 2947 972 3027 voluptas,
1043 2976 1047 2981 ·

225 3031 253 3090 id
267 3050 382 3110 quoquo
392 3033 539 3110 permagni
547 3031 652 3091 refert:
663 3050 726 3090 nam
736 3048 816 3092 more
828 3032 950 3093 terarum

226 3114 496 3194 quadrupedumque
507 3116 597 3190 magis
608 3116 662 3174 ritu
676 3114 845 3194 plerumque
859 3122 992 3195 putantur

227 3199 383 3275 concipere
395 3216 520 3275 uxores,
536 3199 601 3276 quia
613 3200 656 3259 sio
666 3198 731 3259 loea
741 3217 855 3261 sumere
865 3206 1007 3277 possunt,

226 3280 392 3359 pectoribus
405 3283 524 3360 positis,
538 3280 656 3342 sublatis
668 3284 776 3342 semina
786 3282 899 3343 lumbis.

141 3374 210 3429 1260
224 3382 280 3424 neo
291 3361 395 3425 molles
409 3366 475 3443 opu‘
487 3373 553 3425 sunt
562 3374 655 3426 motus
667 3365 804 3427 uxoribus
816 3365 911 3427 bilum.

226 3466 289 3508 nam
301 3446 402 3507 mulier
413 3448 547 3527 probibet
561 3469 595 3510 se
608 3451 763 3528 eonoipere
774 3459 860 3529 atque
871 3455 1033 3527 repugnat,
