2340 3854
540 208 580 270 W

141 375 282 454 principio
294 375 424 456 quoniam
431 375 564 436 mittunt
555 395 583 435 ιιι
594 375 681 436 rebus
694 377 801 463 apd'rtis

143 476 265 539 corpora
277 477 324 520 res
334 459 462 537 multoc,
464 460 577 559 partim
582 457 687 520 diffusa
694 456 807 537 solhtc,

141 544 245 603 robora
260 561 312 604 ocu
325 543 429 602 fontum
440 539 549 606 mittunt
561 544 702 622 i'gnesque
711 559 869 622 uaporem,

91 637 127 690 55
144 636 174 687 et
184 627 285 707 partim
297 620 431 688 contexto
440 628 529 706 ιιιιιίι
543 627 761 711 condensaque,
774 635 804 687 ut
816 625 884 687 oiim

145 729 209 770 cum
219 711 320 772 teretis
332 719 441 791 pouuut
452 712 683 771 tunicusaeststc
695 708 829 787 cicadae,

144 804 174 855 ct
185 793 265 857 vituii
277 796 340 854 oum
352 793 527 854 mehthrouas
543 794 579 853 de
592 795 714 885 corpore
722 794 836 854 s'dn‘rmo

143 887 297 940 nascentes
309 872 444 955 mittunt,
448 879 556 937 etitem
570 880 634 938 oum
644 875 753 938 lubnca
764 884 885 958 serpens

145 963 223 1022 exuit
232 961 360 1041 iuspinis
373 970 500 1022 testemt
508 968 570 1021 nans
578 963 670 1041 ⁴suepc
680 960 810 1023 uidemus

91 1057 126 1111 60
143 1046 256 1106 illorum
268 1044 484 1127 spoliis‘vepres
494 1045 801 1107 volitantibus-auctas:

145 1148 218 1209 quae
230 1131 359 1210 quoniam
370 1131 455 1208 flunt,
467 1132 560 1191 tenuis
568 1129 787 1210 ¹quoque'debet
798 1132 890 1208 inrogo

145 1214 180 1274 ab
192 1215 279 1275 rebus
290 1215 377 1292 mitti,
390 1217 497 1276 summo
511 1213 546 1274 de
560 1218 683 1292 corpore
695 1231 797 1274 rerum.

144 1314 271 1358 nam-cur
281 1297 329 1357 illa
342 1297 442 1357 cudunt
452 1299 542 1376 magis
554 1298 590 1358 ab
603 1296 747 1379 rebusque
759 1301 895 1362 recedant

146 1398 228 1460 quam
241 1398 313 1459 quae
324 1384 419 1441 tenvia
431 1393 512 1459 sunt,
527 1382 684 1444 hiscendist
695 1383 771 1443 nulla
781 1395 927 1465 potestas;

94 1476 129 1530 65
143 1466 313 1546 praesertim
325 1466 456 1526 cumsiut
468 1468 495 1524 in
506 1468 620 1527 summis
634 1479 755 1546 corpora
766 1469 854 1529 rebus

146 1548 232 1608 rnulta
243 1551 362 1627 minuta,
374 1549 429 1609 iaci
442 1566 513 1629 quse
525 1552 636 1630 possint
648 1551 746 1613 ordine
758 1554 860 1614 eodem

147 1650 203 1712 quo
215 1632 334 1709 fuerint,
349 1641 378 1694 et
388 1632 487 1693 formai
499 1646 615 1696 servare
627 1637 760 1715 figuram,

146 1727 176 1777 et
190 1716 277 1777 multo
289 1719 388 1795 citius,
399 1720 506 1798 ‘quanto
516 1721 607 1781 miuus
619 1719 778 1800 indupediri

146 1819 236 1881 pauca
247 1812 361 1881 queunt
369 1811 398 1862 ct
409 1816 490 1880 quoe
501 1814 566 1883 sunt
578 1807 666 1884 prima
678 1805 773 1866 fronte
783 1805 885 1868 locato.

96 1893 131 1948 70
145 1902 207 1945 nom
218 1895 297 1946 certe
308 1888 402 1947 iacere
415 1905 449 1946 ac
460 1887 558 1966 largiri
569 1889 656 1949 multa
666 1890 812 1968 videmus,

145 1986 201 2029 nou
213 1968 306 2029 solunt
316 1987 353 2030 ex
362 1969 419 2030 alto
431 1970 620 2050 penitusque,
632 1982 662 2033 ut
674 1973 793 2035 diximus
805 1984 887 2050 aute,

144 2070 243 2113 verum
258 2053 293 2112 de
305 2055 419 2113 summis
434 2055 527 2132 ipsum
539 2067 654 2133 quoque
669 2061 758 2134 saepe
771 2057 905 2117 colorem.

144 2146 174 2197 ct
188 2134 276 2213 volgo
288 2136 393 2196 iaciunt
404 2136 432 2195 id
443 2135 519 2197 iuteo
529 2138 743 2217 russaque'tclo

145 2229 175 2281 et
186 2220 346 2298 ferrugine,
363 2237 442 2298 cum,
458 2221 684 2299 'tn'agnis‘intehta
694 2221 830 2301 theatris,

97 2313 130 2368 75
146 2322 199 2384 per
210 2303 298 2364 malos
310 2301 424 2383 volgata
435 2305 589 2385 trabesque
598 2307 876 2368 trementio'hutant:

137 2397 263 2468 namquo
277 2389 314 2449 ibi
327 2396 494 2451 consessum
506 2392 603 2451 caveai
615 2400 715 2470 supter
729 2403 759 2454 et
771 2406 881 2454 omnem

145 2474 258 2533 scaenai
269 2475 398 2552 speciem
411 2473 515 2534 claram
526 2477 687 2556 variumque
700 2477 833 2539 deorsum

144 2557 269 2617 inficiunt
280 2567 443 2657 coguntque
455 2577 507 2619 suo
519 2559 627 2620 fluitare
641 2561 754 2623 colore:

145 2648 175 2700 et
188 2649 291 2737 quonto
303 2643 409 2701 circum
420 2659 502 2719 mage
514 2653 578 2703 suut
590 2643 698 2704 inclusa
709 2645 811 2705 theatri

95 2734 131 2788 80
144 2725 272 2801 moenia,
284 2733 340 2783 tam
351 2725 440 2800 magis
452 2725 544 2784 hnco'
536 2735 610 2786 intus
623 2727 739 2805 perfusa
750 2728 852 2806 lepore

144 2809 236 2868 omnia
249 2803 395 2867 conrident
407 2817 539 2886 correpta
551 2808 616 2867 luce
629 2809 694 2869 diei

144 2907 216 2969 ergo
229 2889 315 2951 lintea
327 2890 363 2950 dc
375 2908 483 2952 summo
496 2909 558 2951 cum
572 2901 695 2972 conpore
708 2892 803 2952 iocum

144 2978 271 3052 mittunt,
284 2974 394 3053 effigias
408 2989 522 3056 quoquc
534 2977 640 3037 debent
649 2979 764 3038 mittere
776 2980 868 3042 tenvis

143 3078 191 3120 res
204 3078 351 3138 quaeque,
366 3076 402 3120 ex
415 3076 523 3121 summo
534 3063 665 3143 quoniam
675 3062 832 3122 iaculantur
841 3069 973 3142 utraque.

91 3151 126 3207 85
144 3153 208 3206 suut
219 3146 304 3222 igitur
315 3147 368 3204 iam
379 3144 529 3205 formarum
539 3147 661 3224 vestigio
674 3155 768 3225 cena,

144 3246 216 3307 quae
228 3227 317 3306 volgo
328 3228 447 3289 volitant
458 3231 556 3310 suptili
567 3230 694 3310 praedita
705 3229 753 3291 nto

143 3330 198 3372 nec
210 3312 372 3391 singillatim
383 3324 503 3392 possunt
515 3324 629 3376 secreta
639 3314 738 3377 videri.

143 3405 293 3474 praetcrea
304 3399 393 3458 omnis
408 3397 479 3459 odor
486 3398 615 3478 ,iumus,
628 3418 734 3487 sopor,
746 3411 831 3480 atquo
843 3402 915 3462 oliae
927 3418 975 3461 res

144 3479 325 3559 consimiles,
338 3480 403 3542 ideo
416 3480 516 3544 diffusa
527 3503 544 3544 e
555 3484 642 3545 rebus
655 3481 814 3564 ubundant,
