2340 3854
561 208 588 268 11

152 384 182 435 00
193 375 273 454 quusi
283 374 440 456 longinquo
452 376 541 437 duero
553 377 647 436 omnis
656 374 799 437 cernimus
807 392 884 436 soro

105 464 141 521 io
154 477 192 520 ex
206 457 356 537 oculisque
367 468 538 520 0000εο00000
550 458 712 520 subducere
723 459 847 536 nostris,
939 463 940 467 ’

154 559 218 602 eum
228 551 320 602 000000
336 541 485 604 incolumis
495 542 625 604 ridentur
637 557 744 602 summe
754 557 870 603 munere

153 635 308 704 propteres
319 627 401 704 quis,
415 644 488 704 qnae
499 625 643 686 decedunt
654 641 776 704 corpore
788 627 912 705 cuique,

152 708 227 768 uude
237 707 341 768 abeunt
352 711 477 769 minuunt
487 729 496 786 ,⁴
508 726 566 788 quo
577 725 685 769 venere
696 710 826 786 augmine
838 708 952 771 0100000.

153 790 201 852 1110
212 809 370 852 senescere
380 802 409 852 00
420 792 493 853 hsec
505 801 602 852 cousru
613 791 770 852 florescere
782 800 907 870 cogunt,

105 883 138 938 75
152 893 208 935 nee
219 884 397 935 remorantur
406 876 454 936 ibi.
474 877 518 937 sic
528 893 623 936 rerum
634 885 873 939 summunouesur

154 958 822 1037 semper,esiutersenomdesmutusvivum.

154 1051 313 1119 augescunt
325 1041 396 1103 01100
407 1053 529 1120 gentes,
540 1042 613 1103 sliae
624 1045 800 1120 minuuntur,

153 1128 239 1204 inque
252 1126 332 1186 brevi
343 1129 437 1205 spurio
447 1135 586 1187 00000ηο00
596 1125 693 1187 suecis
705 1128 871 1186 animantum

153 1218 182 1270 et
194 1211 275 1286 quasi
287 1227 419 1271 cursores
430 1212 496 1270 sitsi
508 1209 636 1289 lempsds
647 1208 766 1270 trudunt.

101 1301 138 1354 80
193 1293 225 1351 Si
237 1310 352 1353 cessare
364 1301 447 1372 putus
457 1311 551 1352 rernm
562 1293 713 1372 primordia
724 1309 813 1371 posse

154 1374 351 1453 cessandoque
363 1393 455 1436 nouos
465 1393 559 1436 rernm
570 1377 744 1454 progignere
755 1383 864 1453 motus,

152 1459 339 1519 sviusuvers
350 1458 438 1536 longe
449 1460 558 1520 ratione
569 1461 691 1536 vagaris.

153 1559 216 1600 nem
228 1543 358 1620 quonism
369 1543 512 1621 perinane
522 1551 674 1621 mganrur‚
688 1552 789 1602 cuncte
798 1549 953 1603 necessest

153 1633 199 1685 aut
211 1626 348 1703 grauitate
359 1644 410 1687 sus
420 1627 488 1686 ierri
501 1626 650 1705 primordia
661 1643 774 1704 rernm,

103 1718 139 1772 85
155 1718 201 1768 000
213 1709 353 1770 1000010000
363 1708 489 1770 ulterius.
501 1729 645 1772 nemesim
657 1711 712 1770 cita
723 1728 812 1787 saepe

155 1792 237 1853 obvie
250 1793 423 1871 condixere,
441 1796 471 1854 1ὶο
481 1803 512 1854 00
523 1794 635 1856 diverse
645 1804 766 1873 repente

153 1875 307 1937 dissiliant:
318 1895 413 1956 neque
425 1881 499 1938 enim
509 1881 624 1957 mirum,
637 1877 784 1939 durissimo
797 1894 870 1955 quse
880 1877 936 1938 siut

153 1960 327 2038 ponderibus
339 1961 438 2022 solidis
449 1979 545 2039 neque
558 1965 710 2042 quicquam
721 1969 831 2037 utergo
846 1960 909 2020 ibus
921 1959 1025 2020 obstet.

154 2053 183 2103 et
195 2060 252 2122 quo
262 2045 360 2104 iactari
370 2045 459 2122 magis
473 2047 563 2104 omnis
573 2045 698 2105 materiei

104 2135 139 2190 90
155 2144 276 2205 corpore
289 2126 440 2206 pervideas
450 2173 459 2205 ‚
471 2128 656 2188 reminiscere
665 2128 752 2187 totius
763 2128 846 2185 imum

79 2286 82 2292 ,
154 2209 192 2269 nil
206 2228 273 2271 esse
285 2211 312 2269 iu
325 2228 447 2288 summa,
460 2228 555 2290 neque
566 2210 673 2271 hahere
685 2210 732 2270 ubi
744 2226 865 2290 corpore
877 2211 964 2290 prima

155 2295 325 2363 consistorum
339 2296 469 2373 quonium
482 2297 603 2375 spatium
614 2296 676 2355 sine
688 2293 743 2355 dne
754 2294 941 2373 modoquest,

153 2379 367 2456 inmensumque
379 2387 477 2458 potere
490 2381 518 2439 in
531 2388 648 2440 curetes
661 2377 784 2458 undique
795 2381 883 2458 pertis

153 2461 281 2540 pluribus
294 2462 406 2523 ostendi
418 2471 447 2523 et
460 2473 538 2524 cens
550 2465 659 2524 ustione
670 2463 855 2542 probatumst.

102 2553 137 2606 00
153 2544 228 2623 quod
241 2548 370 2624 quonium
383 2557 509 2625 0000000,
521 2549 668 2624 nimirum,
679 2546 756 2621 nulls
767 2550 848 2626 quies
860 2555 906 2608 est

153 2628 262 2689 reddito
275 2631 443 2708 corporibus
456 2632 553 2710 primis
564 2649 618 2709 per
628 2632 710 2690 inane
719 2630 907 2710 profundum,

152 2711 805 2793 sedmagissdsiduovarioqueexercitemotu
990 2724 992 2728 ·

153 2797 253 2874 partim
265 2794 421 2855 intervallis
432 2798 540 2873 mugnis
557 2795 682 2855 confulta
692 2796 847 2871 resultant,

152 2895 218 2957 pers
231 2878 313 2938 etiarn
325 2877 460 2939 breuibus
471 2881 570 2958 spatiis
581 2887 720 2938 vexantur
729 2878 765 2939 ab
778 2881 845 2939 ictu.

89 2972 140 3024 100
150 2972 179 3022 et
190 2979 386 3041 quaecumque
399 2964 488 3040 mugio
502 2962 648 3024 condenso
661 2962 812 3022 conciliatu

152 3046 264 3124 exiguis
276 3045 431 3108 intervallis
443 3057 583 3108 convecta
594 3045 748 3124 resultant,

152 3128 313 3209 indupedita
325 3132 384 3190 suis
395 3131 504 3210 perple:
564 3132 741 3210 psodguris‚

151 3212 224 3273 haee
236 3212 343 3274 validas
354 3217 415 3275 sexi
427 3214 486 3275 rudi
505 3233 538 3276 es
550 3225 580 3275 et
591 3214 651 3274 iere
662 3215 730 3274 ferri

152 3313 273 3376 corpore
285 3299 473 3376 constituunt,
487 3306 623 3359 etceiers
635 3297 792 3376 degenere
805 3297 903 3357 horum

90 3388 139 3442 105
151 3378 270 3459 pauens
288 3399 356 3436 *e
368 3399 482 3452 pro*
532 3399 597 3443 num
609 3383 754 3460 perinane
766 3389 904 3459 vagentur

50 3492 103 3796 Ι
106 3470 264 3784 1100οκ0000
496 3509 515 3544 r,
528 3465 672 3544 longeque
684 3473 831 3527 recursant
891 3548 911 3607 3
