2340 3854
545 233 585 295 Vl

99 418 137 471 20
147 408 247 487 partim
259 404 336 485 quod
351 405 457 464 fluxum
467 411 671 483 pertusumque
682 421 749 462 esse
760 402 890 479 uidebat,

152 500 182 551 ut
196 489 273 550 nulla
283 497 387 569 posset
397 487 506 546 ratione
519 485 664 564 explerier
674 504 820 564 umquam

152 575 252 652 partim
264 571 340 651 quod
352 579 445 631 taetro
457 571 537 647 quasi
550 586 745 646 conspurcare
757 586 861 649 sapore

151 659 242 716 omnia
256 655 409 731 cernebat,
423 669 620 732 quaecumque
631 662 801 731 receperat,
813 655 896 714 intus.

74 746 77 751 ⁴
151 740 285 800 veridicis
297 740 385 816 igitur
396 736 527 816 purgavit
539 745 659 813 pectora
669 734 770 812 dictis,

100 833 135 886 25
149 833 179 884 et
191 824 275 883 dcem
286 823 382 884 statuit
394 818 562 898 cuppedinis
574 829 660 896 atquc
670 820 796 895 timoris,

152 907 342 985 exposuitque
355 905 459 964 honum
471 919 626 978 summum,
642 919 700 979 quo
711 901 850 964 tendimus
865 921 980 983 omncs,

156 989 325 1068 quidforet,
342 997 426 1064 atque
438 988 510 1045 viam
522 987 703 1064 monstravit,
716 988 825 1048 tramite
837 1006 925 1066 parro

155 1091 209 1151 qua
219 1090 370 1151 possemus
381 1070 416 1129 ad
427 1069 455 1128 id
469 1078 551 1129 recto
564 1069 738 1129 contendere
750 1088 853 1148 eursu,

155 1156 258 1235 quidve
268 1154 333 1214 mali
345 1154 420 1213 foret
431 1155 458 1212 in
471 1153 558 1213 rebus
569 1151 729 1212 mortalibu'
741 1155 861 1231 passim,

104 1249 139 1302 30
151 1239 227 1318 quod
238 1240 323 1299 tieret
333 1235 451 1296 naturali
464 1237 598 1314 varieque
608 1235 719 1295 volaret

152 1341 204 1384 seu
214 1340 300 1383 causa
311 1339 363 1382 seu
374 1323 419 1397 vi,
434 1319 509 1398 quod
521 1321 564 1378 sic
576 1329 674 1378 natura
684 1328 829 1397 parasset,

151 1415 180 1466 ei
192 1407 323 1485 quibuse
337 1406 427 1482 portis
440 1404 552 1463 occurri
563 1404 666 1480 cuique
679 1402 814 1479 deceret,

152 1499 181 1550 et
191 1508 283 1567 genus
296 1488 444 1548 humanum
455 1487 558 1547 trustra
570 1485 737 1565 plerumque
749 1489 879 1565 probavit

150 1573 270 1633 volvere
282 1589 411 1632 curarum
422 1572 509 1631 tristis
522 1572 549 1628 in
561 1579 681 1649 pectore
694 1569 806 1631 fluctus.

102 1667 137 1719 35
152 1674 214 1716 nam
225 1655 313 1717 veluti
326 1658 407 1734 pueri
419 1653 560 1732 trepidant
573 1663 658 1732 etque
673 1655 765 1713 omnia
776 1657 872 1716 caecis
940 1649 943 1654 ⁴

151 1742 178 1799 in
190 1739 318 1799 tenebris
330 1748 475 1814 metuunt,
488 1740 531 1807 sic
543 1755 595 1796 nos
610 1740 637 1796 in
650 1736 715 1798 luce
727 1739 856 1800 timemus

148 1823 303 1899 interdum,
315 1823 373 1882 nilo
385 1840 457 1900 quae
469 1831 533 1881 sunt
545 1821 695 1882 metuenda
705 1824 794 1901 magis
806 1842 888 1901 quam

151 1924 223 1985 quae
236 1908 318 1985 pueri
331 1906 497 1966 intenebris
510 1907 633 1983 pavitant
645 1907 810 1987 finguntque
821 1908 921 1968 futura.

148 1990 223 2049 hunc
235 1992 320 2067 igitur
330 1999 469 2050 terrorem
481 1990 562 2050 animi
573 1991 765 2068 tenebrasque
776 2001 927 2051 necessest

102 2084 137 2136 40
151 2091 207 2133 non
218 2074 288 2133 radii
300 2073 370 2134 solis
382 2091 437 2133 nec
449 2071 542 2131 lucida
554 2072 612 2132 teia
622 2072 678 2132 diei

150 2156 316 2234 discutiant,
328 2155 381 2217 sed
391 2166 506 2216 naturae
518 2158 633 2235 species
646 2158 782 2234 ratioque.

150 2258 206 2320 quo
216 2242 306 2318 magis
319 2243 464 2317 inceptum
475 2258 593 2318 pergam
605 2249 758 2318 pertexere
770 2240 862 2300 dictis.

191 2322 228 2384 Et
240 2327 371 2401 quoniam
385 2324 468 2384 docui
479 2324 572 2383 mundi
583 2324 709 2384 mortalia
721 2324 826 2403 templa

148 2426 216 2468 esse
228 2416 256 2467 et
267 2409 362 2468 nativo
374 2409 533 2472 consistere
551 2425 673 2486 corpore
686 2407 814 2486 caelum,

96 2500 131 2552 46
146 2501 175 2551 et
188 2508 383 2571 quaecumque
395 2493 423 2550 io
435 2509 471 2551 co
486 2493 553 2552 iiunt
562 2501 746 2572 possuntque
757 2504 908 2554 necessest

149 2573 286 2653 pleraque
299 2573 436 2653 dissolui,
451 2593 523 2652 quae
535 2586 642 2636 restant
654 2579 774 2656 percipe
785 2595 889 2656 pomo,

150 2657 376 2736 quandoquidem
387 2658 477 2719 semel
490 2660 629 2735 insignem
642 2661 839 2720 conscendere
852 2679 963 2720 currum

555 2767 569 2800 i

147 2863 295 2914 ventorum
307 2855 443 2930 existant,
457 2852 605 2931 placentur
617 2853 707 2913 omnia
717 2870 827 2913 rursum

552 2968 567 2997 a

148 3080 221 3141 quae
232 3061 337 3124 fuerint
348 3109 357 3141 ,
369 3066 424 3125 sint
436 3064 549 3143 placato
563 3081 701 3123 conversa
713 3063 824 3122 furore:

96 3157 133 3209 50
147 3155 244 3206 cetera
255 3165 328 3226 quae
341 3148 401 3208 ticri
417 3149 539 3208 interris
554 3146 692 3225 caeloque
707 3155 820 3206 tuentur

147 3228 300 3308 mortales,
312 3231 422 3311 pavidis
436 3249 499 3291 cum
510 3230 636 3309 pendent
647 3229 782 3290 mentibu’
794 3249 900 3310 saepe,

148 3311 221 3373 haec
233 3313 339 3375 iaciunt
350 3317 457 3374 animos
469 3313 581 3374 humilis
592 3313 741 3375 formidine
757 3313 850 3375 divom

149 3395 364 3477 depressosque
377 3408 505 3476 premunt
516 3397 551 3457 ad
564 3407 666 3456 terram
679 3407 831 3477 propterca
842 3397 918 3477 quod

146 3481 302 3557 ignorantia
314 3499 459 3543 causarum
472 3481 604 3543 conferre
617 3481 733 3542 deorum
799 3520 801 3524 ,
