2340 3854
568 191 596 253 ll

165 377 223 427 tum
234 385 321 445 porro
333 383 530 447 quaecumque
541 367 601 447 igni
617 365 755 428 flammata
762 368 943 449 cremantur,
997 395 1001 399 >

167 450 241 511 sinii
255 460 421 530 praeterea,
433 457 527 511 tamen
538 450 610 511 lracc
624 453 652 510 in
664 460 787 530 corpora
800 451 932 533 clndn'nt,

100 542 152 598 675
164 534 237 594 ande
250 538 346 613 ignem
361 537 460 594 iacere¹
469 542 498 594 ct
509 533 604 594 lumen
615 536 789 621 committere
801 539 913 616 possint
945 594 948 598 ,

82 613 88 624 ’
165 617 362 696 scintillasque
374 634 461 694 agera
473 635 507 677 ac
517 617 575 678 late
586 614 701 678 differre
712 618 844 680 favillam.

166 711 263 762 cetera
274 699 414 763 consimili
425 703 527 762 mentis
539 703 647 761 ratione
659 708 815 781 peragrans

163 786 292 846 invenies
299 784 389 864 lgltnr
400 782 550 844 multarum
557 781 665 846 semina
676 790 777 846 rernm

165 886 288 947 corpore
302 866 398 928 calare
411 877 440 928 et
450 870 546 929 varias·
555 865 691 929 cohihere
703 868 817 948 igniis.

99 962 152 1017 680
165 952 288 1030 deniqne
301 949 497 1030 multandos,
512 952 615 1032 qulbus
628 963 657 1014 et
669 952 792 1015 coloret
804 970 957 1034 saporcna

161 1033 271 1096 reddita
282 1043 347 1096 sunt
364 1053 426 1097 cum
439 1036 545 1114 odore,
556 1038 583 1096 in
594 1035 691 1115 primis
704 1037 842 1118 pleraque
855 1040 926 1101 dona

161 1203 233 1264 haec
245 1206 331 1282 igitur
341 1205 425 1264 variis
439 1203 545 1264 debent
561 1213 692 1264 constare
704 1206 817 1282 liguris:

161 1286 243 1346 nidor
253 1289 328 1347 enim
339 1296 471 1365 penetrat
482 1305 536 1366 qna
551 1287 633 1348 lucus
646 1304 702 1346 non
715 1290 736 1347 it
750 1290 884 1366 idanus,

162 1369 244 1430 incus
256 1372 324 1431 item
336 1387 463 1447 sorsum,
477 1387 588 1430 sorsum
604 1387 691 1448 sapor
702 1371 858 1431 insinnatur

97 1464 149 1518 685
164 1454 312 1523 sensibns;
325 1462 355 1512 nt
368 1470 472 1513 noscas
485 1454 573 1532 privis
586 1452 685 1514 dillcre
698 1454 803 1532 liguris.

161 1537 314 1598 dissimiles
326 1538 411 1614 igitur
422 1536 530 1598 iormae
541 1535 734 1615 glomeramen
744 1540 772 1598 in
784 1557 868 1598 unnm

163 1623 351 1698 conveniunt,
365 1630 395 1681 et
405 1638 454 1681 res
468 1623 609 1699 permixto
622 1621 730 1682 semine
743 1632 882 1684 constant.

161 1707 228 1784 quin
240 1707 323 1765 etiam
335 1707 441 1784 passim
452 1707 557 1767 nostris
571 1707 599 1765 in
611 1707 742 1769 versibus
755 1708 825 1786 ipsis

160 1788 245 1850 multa
259 1788 401 1850 clementa
411 1789 493 1850 vides
508 1788 603 1850 multis
617 1791 772 1850 communia
783 1791 897 1869 verbis,

94 1881 147 1936 690
161 1891 224 1932 cum
236 1882 330 1933 tamen
342 1874 417 1934 inter
431 1892 464 1932 se
477 1891 579 1934 versus
589 1890 624 1934 ac
637 1874 727 1933 verba
740 1892 864 1935 neccsse
879 1886 925 1936 est

160 1958 315 2017 confiteare
326 1956 380 2018 alia
391 1974 429 2016 ex
444 1957 506 2017 aliis
520 1966 651 2018 constare
664 1956 828 2026 clementis;

159 2058 214 2101 non
228 2058 285 2118 quo
296 2039 383 2100 multa
393 2057 491 2117 parum
504 2042 658 2099 communis
673 2038 766 2100 littera
779 2050 872 2100 currat

158 2133 205 2182 ant
219 2123 287 2182 nulli
300 2125 374 2182 inter
384 2140 417 2182 se
430 2123 486 2180 duo
498 2124 553 2182 sint
565 2138 602 2181 ex
615 2123 743 2182 omnibns
754 2122 845 2200 idem,

159 2207 210 2267 sed
224 2208 356 2286 quianon
369 2204 458 2282 volgo
469 2207 547 2285 paria
560 2205 689 2266 omnibns
702 2208 792 2266 omnia
808 2215 947 2268 constant.

91 2298 143 2355 695
159 2293 202 2351 sic
212 2290 274 2350 aliis
287 2291 314 2348 in
326 2289 413 2350 robus
425 2293 492 2349 item
507 2290 661 2350 communia
673 2288 760 2351 multa

157 2373 305 2435 multarum
315 2390 409 2434 rernm
424 2391 488 2434 cnm
499 2375 554 2433 sint
565 2374 732 2454 primordia,
748 2392 847 2434 verum

157 2457 285 2520 dissimili
300 2469 392 2519 tamen
404 2459 477 2518 inter
488 2477 521 2518 sc
537 2458 696 2520 consistere
708 2476 814 2519 summa

156 2551 292 2619 possunt;
308 2552 337 2602 ut
351 2544 452 2602 meritc
464 2560 502 2602 cx
516 2541 578 2603 aliis
590 2551 723 2603 constare
736 2543 843 2604 feratur

156 2623 303 2685 humanum
315 2644 406 2704 genus
420 2633 448 2685 et
462 2626 561 2703 lrnges
572 2625 743 2706 arbustaque
755 2627 837 2688 laeta.

93 2716 146 2770 700
198 2705 262 2768 Nec
275 2718 368 2768 tamen
380 2709 546 2768 omnimodis
561 2710 674 2769 conecti
686 2722 775 2787 posse
786 2710 938 2789 putandum
951 2720 997 2771 ast

156 2793 261 2850 omnia:
277 2808 339 2849 nam
350 2789 439 2867 volgo
451 2791 512 2850 lleri
525 2800 656 2869 portenta
667 2792 799 2869 rideres,

156 2873 304 2934 semiferas
318 2873 458 2933 hominnm
470 2874 587 2952 species
599 2875 742 2952 existere,
756 2885 786 2935 et
795 2874 868 2936 altos

154 2957 293 3017 interdum
304 2972 396 3018 ramos
408 2959 506 3036 egigni
518 2973 640 3037 corpore
654 2961 738 3037 vivo,

155 3041 298 3120 multaque
312 3044 425 3102 conecti
436 3045 583 3103 terrestria
594 3044 718 3104 membra
730 3044 858 3122 marinis,

92 3132 143 3187 705
156 3135 213 3185 tum
229 3124 364 3185 dammam
378 3133 470 3186 taetro
485 3127 617 3205 spirantis
630 3144 680 3187 ore
692 3125 854 3188 Chimaeras

154 3227 275 3288 pascere
289 3220 414 3271 naturam
426 3229 480 3289 per
493 3220 584 3271 terras
597 3211 807 3289 omniparentis.

155 3311 273 3372 quorum
286 3293 325 3353 nil
340 3293 400 3353 deri
411 3294 589 3355 manifestum
605 3303 667 3371 est,
681 3297 772 3356 omnia
786 3295 896 3376 quando

153 3377 307 3437 seminibus
321 3379 406 3438 certis
419 3388 498 3439 certa
511 3379 659 3456 genetrice
672 3389 767 3440 creata

153 3477 325 3521 conservare
338 3479 428 3539 ganas
443 3464 602 3523 crescentia
613 3479 702 3541 posse
713 3465 851 3526 videmus.

111 3549 267 3602 laccarius.
895 3549 916 3608 4
