2340 3854
555 238 595 299 iv

159 405 280 484 angulus
291 416 412 487 optusus
427 410 494 489 quia
504 409 592 486 10000
605 407 849 484 corrueremus,

159 494 222 551 sive
234 492 317 551 etiam
327 495 423 571 potius
433 510 490 553 000
506 493 631 553 cernitur
643 508 679 553 ae
690 493 766 570 perit
776 492 838 552 eius

89 581 142 636 355
157 574 355 654 plaqaueead
367 585 481 637 uestras
493 577 573 636 aeies
588 573 848 653 permiserimus,
919 637 922 641 ,

119 660 120 663 ’
157 664 226 717 adra
237 676 291 737 per
304 659 422 719 mulium
435 661 501 738 quia
511 657 577 717 dum
590 656 741 718 simulacra
753 656 898 734 feruutur,

160 743 239 818 cogit
249 741 413 803 hebescere
424 760 489 802 eum
504 741 614 801 areb'ris
630 740 788 801 offensibus
797 747 857 803 030.

159 823 216 884 hue
227 824 276 884 uhi
291 825 408 902 suffugii
419 842 535 886 sensum
546 822 629 884 simul
639 823 760 901 angulus
775 827 883 901 amuis,

159 907 190 966 iii
202 909 283 985 quasi
293 916 324 967 ui
335 907 370 968 sd
383 916 495 968 toruum
505 905 639 967 saxorum
649 917 758 968 structa
766 911 889 968 tuemur:
943 955 951 975 .

92 999 147 1055 360
160 1000 320 1050 nontamen
332 999 363 1050 ui
373 1008 467 1051 euram
479 1008 551 1069 quae
567 998 633 1052 suut
643 1009 771 1069 uereque
781 991 917 1068 rutunda,

159 1073 213 1133 sed
225 1075 305 1152 quasi
316 1073 497 1136 adumbratim
508 1074 623 1154 paulum
634 1074 763 1135 simulata
773 1075 905 1136 videntur

159 1157 256 1217 umbra
266 1157 788 1220 0101000τί100000010100010000000

159 1250 189 1301 ei
199 1242 321 1317 vestigia
332 1251 430 1302 uestra
441 1243 525 1320 sequi
536 1250 708 1319 gestumque
722 1243 838 1309 imitari3

159 1325 262 1383 000001
275 1324 370 1385 eredis
386 1327 525 1403 privatum
536 1324 641 1382 lumine
653 1341 743 1402 posse

94 1416 147 1470 365
158 1405 326 1484 indugredi,
338 1417 432 1468 motus
445 1407 588 1467 homiuum
599 1416 771 1486 gestumque
784 1415 968 1485 sequeuiem:

158 1508 222 1550 nam
232 1489 271 1550 uil
282 1509 351 1552 esse
362 1501 460 1569 potest
469 1489 538 1551 aliut
549 1491 603 1551 nisi
614 1490 718 1551 lumine
733 1510 832 1552 eassus

159 1580 210 1635 adr
220 1573 249 1633 id
262 1575 338 1652 quod
351 1592 405 1636 uus
416 1574 541 1635 umbram
553 1574 707 1654 perhibere
718 1583 843 1636 suemus.

158 1660 306 1737 nimirum,
320 1661 385 1738 quia
396 1669 472 1721 terra
483 1658 556 1719 loeis
568 1677 606 1720 ex
617 1659 715 1721 urdine
731 1662 819 1720 certis

159 1741 263 1804 lumiue
275 1745 400 1822 privatur
410 1743 481 1805 solis
493 1760 671 1822 quacumque
681 1753 809 1805 meantes

93 1831 147 1887 310
161 1826 319 1904 efficimus,
332 1827 462 1907 repletur
474 1829 544 1888 item
555 1828 631 1906 quud
642 1827 775 1906 liquimus
787 1831 866 1905 eius,

158 1921 314 1990 propterea
325 1912 355 1972 111
366 1913 564 1988 uiivideatur,
577 1930 651 1990 quae
661 1913 713 1971 fuit
724 1912 822 1972 umbra

160 1997 307 2073 00000010,
320 2014 337 2054 0
348 1997 468 2072 regione
480 1994 581 2054 eadem
591 2012 645 2054 000
656 2012 749 2072 usque
760 2005 869 2054 seeum.

159 2094 276 2156 semper
288 2079 363 2137 enim
374 2094 448 2138 uova
457 2096 491 2139 se
501 2077 643 2136 radiorum
657 2076 760 2136 lumina
771 2075 889 2136 fundunt

159 2162 306 2239 primaque
319 2160 502 2238 dispereunt,
517 2161 597 2239 quasi
611 2163 640 2219 iu
651 2160 746 2237 iguem
759 2159 822 2219 lana
833 2159 965 2220 trahatur.

93 2251 146 2306 375
159 2253 314 2326 propterea
326 2243 412 2305 100110
427 2253 458 2306 01
468 2241 723 2322 spoliaturiumiue
734 2252 828 2322 terra,
862 2248 864 2253 ’

159 2338 189 2390 ei
199 2327 329 2408 repleius
339 2331 406 2390 iiem
416 2330 570 2408 nigrasque
582 2329 636 2388 sibi
647 2328 734 2389 abluit
745 2328 868 2389 umbras.

200 2410 263 2474 Nec
275 2421 368 2473 iameu
379 2411 427 2474 hie
438 2412 541 2474 oculus
552 2411 612 2473 10111
625 2412 809 2474 concedimus
820 2412 916 2474 hilum.

157 2513 220 2555 uam
233 2515 414 2576 quocumque
425 2496 494 2559 1000
506 2499 543 2558 sit
554 2496 604 2557 lux
615 2506 700 2576 atque
712 2498 810 2558 umbra
819 2500 892 2558 tueri

157 2578 271 2638 illorum
284 2590 343 2641 esi:
355 2580 456 2640 eadem
466 2599 538 2642 veru
551 2583 607 2641 siut
617 2580 721 2641 lumina
730 2600 841 2659 00000,

91 2669 146 2725 380
157 2662 313 2741 umbraque
325 2681 398 2742 quae
412 2663 465 2723 fuit
477 2663 525 2723 hie
537 2663 637 2724 eadem
647 2682 722 2723 nuuc
735 2674 861 2725 trauseat
874 2664 943 2723 illue

157 2748 299 2824 euporius
311 2746 455 2825 uatpaulo
470 2746 548 2823 quod
559 2745 679 2806 01101000
694 2756 777 2822 anie,

158 2829 215 2889 hoe
225 2828 308 2889 animi
319 2827 430 2888 demum
441 2831 513 2888 ratio
523 2828 689 2889 discernere
704 2828 807 2904 debet,

157 2931 213 2973 000
224 2920 348 2992 pessunt
359 2911 435 2973 00011
446 2921 571 2973 naturam
584 2929 708 2972 uuseere
720 2929 822 2971 rerum.

157 2995 277 3077 proinde
285 2996 372 3057 'animi
383 2998 480 3056 vitium
492 2996 548 3057 huc
561 2994 654 3057 000110
666 2995 812 3074 adfingere
823 2995 891 3055 noli.

93 3087 146 3142 385
157 3098 212 3159 qua
226 3080 355 3142 vehimur
364 3083 446 3158 navi,
458 3080 565 3159 fertur,
579 3097 643 3142 eum
655 3089 731 3140 stare
742 3078 869 3139 videaur:

158 3183 230 3244 quae
242 3174 336 3225 manet
346 3166 374 3224 iu
385 3166 522 3242 statione,
542 3182 576 3224 ea
587 3172 703 3243 praeter
717 3162 842 3223 ereditur
851 3163 903 3223 ire.

157 3258 187 3308 01
198 3248 300 3327 fugere
310 3248 346 3308 ad
356 3251 473 3329 puppim
488 3247 581 3310 001100
595 3248 744 3326 campique
758 3246 905 3325 videniur,

158 3349 230 3410 quos
242 3334 351 3409 agimus
367 3343 482 3411 praeter
492 3349 594 3392 navem
605 3329 737 3410 uelisque
749 3330 887 3393 volamus.

157 3413 250 3476 sidera
265 3434 381 3477 cessare
393 3416 527 3477 aetheriis
539 3413 631 3476 adfixa
641 3416 771 3475 eavemie
851 3441 854 3448 ·

89 3507 144 3562 390
156 3508 260 3559 euueia
268 3498 417 3578 videniur,
430 3509 460 3559 01
474 3497 592 3559 adsiduo
604 3508 669 3559 suut
680 3501 878 3574 omeliarum,
