2340 3854
556 225 596 286 vl

83 396 90 409 ⁸
163 395 247 474 quin,
259 394 337 473 prius
349 394 377 452 in
391 410 475 452 cursu
488 394 512 453 si
523 410 580 453 non
590 392 756 454 accenditur
769 396 845 473 igni,

160 486 188 539 at
199 476 343 557 tepefacta
353 486 446 537 tamen
457 477 550 537 veniat
562 478 711 538 commixta
723 477 829 540 calore.

202 558 345 621 Mobilitas
359 567 454 620 autern
464 559 495 619 iit
509 558 632 619 fulminis
643 570 674 620 et
684 563 779 638 granis
791 563 882 639 ictus,

161 654 191 705 ct
202 643 291 705 celeri
302 643 392 703 ferme
404 653 572 722 percurrunt
583 642 698 703 fulmina
710 643 808 724 lapsu,

94 737 147 792 325
160 727 283 788 nubibus
295 727 358 806 ipsa
370 727 446 804 quod
458 728 570 787 omnino
583 727 662 804 prius
671 729 757 788 incita
768 747 802 789 se
815 731 857 789 vis

162 809 271 888 colligit
283 819 311 870 et
323 827 453 887 magnum
466 827 602 870 conamen
613 813 696 871 sumit
709 812 809 889 eundi,

159 894 225 954 inde
236 894 284 954 ubi
295 911 351 953 non
364 895 456 973 potuit
466 894 557 954 nubes
569 911 674 972 capere
686 895 791 974 inpetis
802 905 931 974 auctum,

160 978 325 1056 exprimitur
335 979 378 1036 vis
389 986 474 1056 atque
485 977 551 1037 ideo
563 976 641 1038 volat
654 979 761 1059 impeta
772 981 860 1059 miro,

159 1070 190 1122 ut
199 1059 299 1122 validis
311 1078 383 1139 quae
398 1059 433 1120 de
444 1062 591 1120 tormentis
602 1063 688 1122 missa
699 1062 835 1123 feruntur.

94 1155 148 1210 330
158 1144 231 1204 adde
243 1143 319 1222 quod
330 1163 347 1204 e
358 1145 454 1222 parvis
466 1154 495 1204 et
506 1143 617 1205 levibus
629 1155 675 1205 cst
686 1144 852 1224 elementis,

159 1245 214 1288 nec
225 1226 338 1288 facilest
350 1226 399 1288 tali
409 1237 525 1289 naturae
537 1230 680 1306 opsistere
693 1231 857 1307 quicquam:

159 1313 233 1372 inter
245 1312 319 1371 enirn
330 1310 402 1388 fugit
416 1328 451 1371 ac
462 1320 592 1389 penetrat
603 1329 728 1389 perrara
739 1314 864 1392 viarum,

158 1412 216 1455 non
227 1395 313 1472 igitur
323 1394 417 1455 multis
429 1394 585 1456 offensibus
596 1395 623 1454 in
635 1396 802 1456 remorando

158 1477 295 1555 haesitat,
308 1477 381 1538 hanc
393 1479 501 1538 obrem
514 1477 603 1539 celeri
614 1478 691 1539 volat
702 1481 808 1558 impete
820 1479 939 1559 labeus,

95 1571 147 1625 335
158 1561 277 1639 deinde,
291 1561 368 1640 quod
381 1563 493 1622 omnino
504 1571 601 1622 natura
612 1563 739 1642 pondera
750 1563 883 1625 deorsum

159 1647 251 1706 omnia
262 1647 403 1723 nituntur,
420 1663 483 1705 cum
494 1645 605 1724 plagast
617 1646 714 1707 addita
722 1665 811 1724 vero,

157 1726 299 1789 mobilitas
311 1728 470 1808 duplicatur
481 1738 510 1789 et
521 1731 642 1809 impetus
653 1730 704 1791 ille
715 1733 875 1810 gravescit,

159 1821 189 1873 ut
199 1813 357 1873 vementius
369 1821 400 1873 ct
411 1814 493 1873 citius
506 1831 701 1893 quaecumque
712 1825 856 1876 morantur

160 1896 244 1957 obvia
256 1895 386 1957 discutiat
399 1895 491 1974 plagis
502 1897 642 1977 itinerque
654 1909 797 1977 sequatur.

94 1987 148 2042 340
159 1978 282 2058 denique
293 1978 370 2057 quod
380 1979 468 2057 longo
478 1982 556 2040 venit
570 1983 693 2060 impete,
707 2002 820 2042 sumere
834 1982 920 2044 debet

157 2061 343 2123 mobilitatem
356 2065 439 2123 ctiam
450 2073 534 2141 atquc
550 2065 650 2140 etiam,
663 2081 735 2142 quae
748 2068 854 2125 crescit
866 2066 959 2127 eundo

158 2155 188 2207 et
198 2144 305 2206 validas
320 2157 405 2224 auget
418 2149 485 2207 viris
498 2157 527 2207 et
539 2147 655 2207 roborat
666 2149 768 2206 ictum:

157 2246 221 2288 narn
235 2228 303 2290 facit
314 2240 344 2290 ut
356 2248 429 2309 quae
444 2232 500 2290 sint
511 2230 586 2290 illius
599 2233 706 2291 semina
718 2247 839 2308 cumque

158 2331 176 2372 e
187 2315 307 2389 regione
318 2311 413 2372 locum
426 2316 505 2391 quasi
518 2316 546 2372 in
561 2333 644 2373 unum
658 2323 759 2375 cuncta
771 2313 913 2392 ferantur,

93 2404 145 2460 345
158 2397 249 2456 omnia
261 2397 408 2456 coniciens
419 2398 447 2456 in
459 2416 523 2457 curn
534 2397 678 2458 volventia
691 2416 812 2459 cursum.

157 2479 276 2539 forsitan
287 2498 324 2540 ex
333 2481 399 2559 ipso
409 2481 529 2542 veniens
540 2482 631 2542 trabat
641 2489 710 2543 atre
723 2481 859 2562 quaedam

159 2580 297 2640 corpora,
315 2581 387 2642 quae
399 2562 491 2642 plagis
501 2566 655 2627 incendunt
665 2565 858 2627 mobilitatem.

157 2644 363 2725 incolumisque
375 2649 453 2707 venit
465 2665 518 2726 per
527 2666 575 2709 res
587 2659 672 2728 atque
684 2653 794 2728 integra
805 2652 904 2711 transit

157 2727 259 2807 multa,
271 2729 453 2790 foraminibus
465 2729 587 2810 liquidus
600 2735 665 2810 quia
676 2731 831 2792 transvolat
843 2735 926 2810 ignis.

92 2823 146 2876 350
155 2810 299 2892 multaque
311 2815 442 2892 periigit‚
456 2833 518 2874 oum
532 2832 653 2894 corpora
663 2815 786 2876 fulminis
799 2817 861 2893 ipsa

157 2897 325 2975 corporibus
336 2915 430 2958 rernm
439 2899 614 2977 inciderunt,
629 2917 683 2977 qua
694 2908 771 2959 texta
782 2907 921 2959 tenentur.

157 2979 289 3040 dissoluit
300 2998 387 3058 porro
398 2980 483 3041 facile
495 3000 545 3044 aes
557 3001 712 3062 aurumque
723 2991 844 3060 repente

156 3063 379 3142 conferveiaoit,
392 3084 409 3124 e
422 3067 516 3144 parvis
527 3068 591 3145 quia
602 3066 677 3126 facta
687 3068 792 3125 minute

157 3147 326 3225 corporibus
336 3149 380 3208 vis
393 3157 439 3208 ost
451 3158 479 3209 ct
490 3146 601 3211 levibus
614 3148 828 3227 exclamantis,

90 3238 142 3293 355
159 3247 232 3308 quae
243 3229 329 3292 facile
339 3233 513 3292 insinuantur
523 3242 553 3294 ct
563 3234 700 3295 insinuata
714 3242 835 3313 repente

156 3312 316 3374 dissoluont
327 3315 417 3376 nodos
433 3317 523 3378 omnis
535 3316 666 3378 etvincla
676 3317 813 3379 ralaxant.

156 3404 344 3476 autumnoque
355 3401 445 3477 magis
457 3398 550 3462 stellis
565 3401 742 3480 fulgentibus
756 3411 820 3482 apta

157 3482 317 3541 concutitur
330 3482 403 3543 caeli
415 3482 515 3546 domus
528 3485 651 3566 undiquc
665 3495 783 3567 totaque
793 3485 898 3564 tellus,
