2340 3854
138 186 200 250 112
617 184 658 246 Ν

222 371 286 413 narn
297 354 327 414 dt
338 362 368 413 nt
379 353 409 412 in
419 353 526 413 0000ιί0
538 351 637 413 iaoere
648 351 705 413 hoo
716 352 846 414 rideatur
855 352 967 432 inrepor

224 440 346 518 quippe,
359 435 407 495 ubi
419 438 508 514 prima
518 437 594 513 perit
604 435 718 515 eiioqm
731 446 778 497 eet
788 436 877 497 eltern
886 445 952 496 note

158 529 211 586 770
222 521 287 581 inde
299 529 391 597 stetu,
406 521 485 598 prior
496 516 543 578 hio
554 529 668 596 gentum
679 529 806 581 00070000
815 518 936 578 ridetur.

223 604 352 681 scilieet,
365 602 394 663 id
404 603 465 663 fieri
477 600 567 662 oeleri
577 605 687 663 ratione
698 603 894 682 putandumst:

224 697 299 749 tento
311 697 356 747 eet
367 687 509 748 mobiliter
521 695 551 745 et
563 703 658 746 rerum
670 688 754 766 eopia
764 695 857 764 tonte,

225 781 359 850 tantoque
370 768 500 831 sensibili
512 771 614 847 qnorie
625 778 671 829 eet
681 777 814 849 tempore
826 772 923 829 inuno

226 858 309 934 eopia
319 851 536 933 particularum,
548 862 579 912 nt
590 854 684 931 poenit
694 854 889 933 suppeditare.

161 947 212 1003 775
256 941 269 1019 Η
284 937 430 1017 Multaque
440 937 470 995 in
480 935 526 996 irie
536 936 623 998 rehnr
636 946 824 1015 quaeruntur,
840 936 985 1018 multoque
996 940 1081 1002 nobit

125 1064 128 1071 -
226 1021 431 1098 clarendune,
443 1019 529 1099 plene
540 1021 565 1080 ei
575 1039 625 1083 ree
637 1038 786 1099 exponere
797 1038 922 1081 0000000.

225 1107 369 1186 quaeritur
379 1107 408 1164 in
418 1105 515 1183 prirnin
527 1120 633 1182 quere,
646 1105 722 1183 qnod
735 1106 840 1185 oniqne
850 1103 940 1166 libido

224 1187 512 1267 vonerit‚externplo
522 1205 603 1249 mens
615 1191 724 1266 cogitet
736 1191 798 1251 eine
809 1188 837 1249 id
848 1190 950 1267 ipenrn.

225 1294 297 1335 anne
308 1272 482 1334 volontatem
492 1281 617 1333 noetrem
628 1272 778 1333 einnloora
788 1282 918 1350 tuentur,

162 1366 214 1422 780
225 1369 254 1420 et
266 1357 349 1419 eimnl
361 1355 535 1418 0000100000
546 1357 629 1417 nobie
641 1359 766 1417 occurrit
776 1359 887 1435 imago,

226 1445 251 1504 ei
262 1460 339 1503 nare
349 1488 358 1519 ,
370 1443 395 1502 ei
406 1450 481 1502 terre
492 1442 521 1500 in
534 1440 667 1519 eordeet,
679 1443 704 1501 ei
716 1441 839 1520 deniqne
854 1438 990 1501 000Ιο007

228 1535 388 1587 conventus
402 1525 561 1602 hominnm,
573 1541 724 1604 pompam,
738 1526 883 1602 eonvirin,
895 1542 1025 1604 pugneo,

228 1612 319 1670 omnia
330 1609 383 1670 000
395 1608 524 1668 verbone
536 1618 615 1669 orent
627 1619 725 1670 natura
738 1605 897 1689 paratque?

229 1712 292 1754 curn
304 1694 473 1772 praesertim
482 1691 545 1753 aliie
556 1690 657 1754 oedem
666 1695 695 1753 in
705 1695 825 1771 regione
837 1693 962 1771 looopne

164 1785 215 1841 785
227 1777 315 1854 longe
327 1775 470 1837 dineimiiie
482 1778 589 1836 animus
599 1794 647 1837 ree
659 1780 769 1856 cogitet
780 1779 879 1838 omnio.

229 1861 296 1941 qnid
310 1877 413 1940 porro,
424 1862 608 1921 innumerum
618 1862 779 1940 procedere
792 1879 856 1922 enm
867 1859 1017 1921 simnleoro

228 1945 527 2006 oernimueineornnie
539 1953 568 2005 et
579 1944 675 2006 mollia
685 1946 811 2006 membra
820 1961 956 2021 movere,

226 2029 321 2090 mollio
331 2074 340 2107 ,
351 2028 495 2091 mobiliter
506 2047 570 2089 oum
580 2028 697 2090 alternis
709 2028 842 2091 brooohie
852 2030 964 2089 mittunt

227 2123 257 2174 et
267 2113 396 2174 referunt
407 2113 499 2175 oeulis
511 2123 624 2192 gentum
635 2114 712 2194 pede
725 2109 927 2175 convenienti?

166 2204 218 2260 790
228 2197 358 2276 scilieet,
378 2208 439 2260 erte
450 2197 563 2259 madent
573 2198 723 2259 simnleero
733 2206 763 2258 et
774 2197 858 2259 doota
868 2205 1024 2274 vagantur,

227 2292 367 2342 nocturno
377 2282 476 2342 faeere
488 2292 519 2343 nt
533 2283 644 2361 poneint
655 2283 683 2341 in
694 2292 824 2361 ternpore
836 2280 928 2341 lndoe.

228 2383 263 2424 an
274 2367 365 2442 megin
376 2364 446 2424 iilnd
457 2367 512 2425 erit
524 2362 644 2425 verum?
656 2368 720 2444 qnia
731 2375 861 2445 tempore
871 2367 900 2424 in
910 2379 967 2423 nno

228 2449 432 2527 [consentimus
444 2448 472 2506 id
484 2458 529 2508 eet
541 2466 604 2508 enrn
615 2465 674 2508 vox
686 2451 821 2510 emittitur
831 2449 896 2528 une}

226 2542 355 2610 ternpore
365 2531 451 2591 multe
462 2530 567 2610 latent,
577 2535 648 2592 ratio
659 2550 732 2612 qnae
745 2535 980 2612 compernem,

165 2624 216 2678 705
226 2625 383 2696 propterea
395 2615 425 2677 iit
436 2617 476 2675 nti
489 2619 591 2696 quovis
602 2619 631 2676 in
643 2627 773 2696 tempore
786 2634 917 2696 quaeque

227 2710 344 2780 praesto
356 2702 411 2762 sint
422 2700 572 2762 simulacra
583 2700 657 2762 loeis
668 2704 696 2762 in
709 2704 830 2781 quinque
842 2709 947 2781 pareto.

229 2787 316 2864 [tenta
327 2795 373 2846 est
383 2785 525 2847 mobiliter
537 2795 566 2847 et
576 2805 671 2848 rerum
684 2789 769 2867 eopie
779 2796 854 2848 tenta

226 2869 282 2930 hoo
295 2870 343 2929 ubi
355 2872 444 2948 prime
454 2873 529 2949 perit
540 2870 653 2950 alioque
665 2882 710 2932 eet
720 2871 810 2932 altero
821 2879 884 2931 neto

227 2952 293 3015 inde
304 2963 377 3015 statu
390 2957 469 3033 prior
478 2954 526 3013 hie
537 2965 649 3030 gestum
661 2965 787 3017 mnteeee
800 2954 924 3032 videtur]

165 3042 218 3097 800
228 3046 258 3096 et
271 3040 334 3115 quia
346 3040 440 3098 tenvia
452 3047 534 3114 eunt,
547 3040 600 3098 niei
613 3057 646 3098 00
658 3040 819 3118 contendit,
832 3048 917 3100 doute

227 3138 348 3181 eernere
359 3138 415 3180 non
426 3124 503 3200 potin
514 3130 560 3181 eet
571 3124 692 3184 animno:
704 3123 825 3202 proinde
838 3124 930 3183 omnin
941 3140 1016 3203 quoe
1026 3130 1097 3185 nont

226 3213 376 3282 praeterea
386 3214 524 3283 pereunt,
537 3207 590 3265 nisi
602 3209 630 3266 ri
641 3226 712 3287 qnae
725 3207 759 3268 ed
771 3227 805 3269 00
816 3211 880 3287 ipse
891 3207 1011 3288 pererit.

226 3289 291 3366 ipse
302 3297 382 3368 paret
393 3307 462 3349 0000
475 3305 577 3368 porro,
591 3302 747 3371 speretque
759 3293 881 3353 tutorum
900 3328 906 3335 -

226 3382 257 3432 ut
271 3371 366 3433 videet
378 3372 454 3451 quod
469 3378 654 3455 ooneequitnr
663 3395 724 3437 rern
738 3394 893 3456 quemque:
905 3376 935 3437 iit
949 3392 1032 3453 ergo.
1073 3414 1077 3421 -

161 3463 213 3519 805
228 3475 322 3519 nonne
334 3455 415 3519 video
431 3457 532 3519 oeulos
544 3463 645 3539 etiem,
662 3479 726 3521 onrn
737 3463 831 3521 tenvia
843 3477 916 3540 quoe
927 3467 994 3521 eunt
