2340 3854
550 193 591 255 111

153 361 300 421 innumero
316 379 450 440 numero,
467 370 636 441 certareque
648 372 908 442 praeproperanter

156 447 230 506 inter
240 465 273 505 se
287 463 360 523 quae
371 447 460 525 prima
471 447 676 525 potissimaque
688 447 860 515 insinuetur;

114 579 117 583 .
156 530 180 589 si
193 545 249 587 non
261 528 335 589 forte
347 532 386 591 ita
397 538 462 590 sunt
473 531 624 590 animarum
635 529 754 591 foedera
765 540 864 609 pacta,

92 618 145 674 tec
155 621 185 672 nt
198 630 270 690 quae
282 615 370 692 prima
383 613 484 673 volans
499 613 645 673 advenerit
657 615 814 674 insinuetur

155 697 258 776 prima,
271 715 366 776 neque
377 699 450 757 inter
461 715 494 756 se
510 695 679 756 contendant
691 697 797 757 viribus
811 696 905 756 iritum.

197 779 330 859 Denique
342 783 370 840 in
381 780 499 841 aethere
511 797 567 840 non
579 780 679 857 arhor,
691 797 747 839 non
760 798 884 859 aequore
898 780 975 842 salso

156 864 247 924 nubes
260 882 328 924 esse
340 872 463 942 queunt,
477 882 532 924 nec
544 865 642 943 pisces
654 867 752 924 vivere
764 866 792 923 in
807 867 898 942 arvis,

156 965 212 1007 nec
225 964 309 1008 cruor
321 948 444 1025 intigris
457 966 551 1027 neque
564 950 639 1009 saxis
651 966 738 1009 sucus
751 950 855 1009 inesse.

92 1038 144 1094 tes
158 1039 267 1091 certum
278 1048 312 1091 ac
325 1030 521 1110 dispositumst
533 1032 580 1092 ubi
595 1033 728 1110 quicquid
741 1043 852 1093 crescat
865 1043 893 1093 et
905 1034 978 1093 insit.

156 1116 199 1175 sic
211 1116 293 1174 animi
304 1126 400 1175 natura
413 1119 511 1195 nequit
523 1118 584 1177 sine
598 1133 722 1194 corpore
735 1118 801 1176 oriri

156 1197 322 1278 solaneque
333 1203 454 1260 enervis
473 1210 501 1260 et
515 1203 651 1277 sanguine
663 1199 787 1275 longiter
800 1217 876 1259 esse.

156 1282 212 1343 hoc
224 1285 248 1342 si
259 1294 360 1360 posset
373 1286 464 1361 enim,
477 1283 566 1342 multo
578 1285 656 1360 prius
669 1285 732 1360 ipsa
743 1284 825 1340 animi
835 1283 877 1340 vis

156 1369 183 1424 in
195 1367 288 1444 capite
300 1375 346 1425 aut
357 1368 461 1426 umeris
473 1375 519 1425 aut
531 1367 593 1425 imis
607 1364 733 1425 cal‘eibus
746 1383 813 1424 esse

94 1457 146 1513 790
161 1459 280 1528 posset,
293 1458 322 1508 et
334 1451 441 1509 innasci
454 1451 551 1526 quavis
563 1451 591 1507 in
602 1457 682 1530 parte
694 1448 802 1509 soleret

155 1531 267 1593 tandem
280 1534 307 1591 in
320 1532 422 1593 eodem
433 1532 545 1592 homine
558 1542 642 1611 atque
653 1535 681 1592 in
693 1533 795 1593 ecdem
810 1550 879 1593 vase
890 1550 1012 1592 martene.

156 1615 231 1693 qued
245 1618 375 1693 queniam
387 1625 484 1677 nostro
498 1634 612 1695 quoque
627 1626 738 1677 constat
751 1633 873 1696 corpore
887 1626 1012 1694 certum,

156 1699 380 1780 dispositumque
392 1700 504 1760 videtur
516 1701 562 1761 ubi
575 1719 642 1761 esse
655 1711 684 1760 et
697 1719 832 1761 crescere
844 1702 936 1779 possit

156 1800 265 1844 sorsum
277 1787 364 1844 anima
376 1793 460 1863 atque
472 1787 595 1863 animus,
608 1794 685 1846 tanto
696 1787 786 1862 magis
799 1783 967 1847 infitiandum

93 1875 143 1931 tos
155 1876 243 1927 totum
255 1885 343 1946 posse
355 1878 435 1929 extra
448 1886 552 1946 corpus
566 1869 666 1929 durare
678 1871 811 1948 genique.

156 1969 260 2029 quare,
275 1969 379 2031 corpus
392 1953 439 2011 ubi
450 1954 572 2030 interiit,
586 1954 708 2032 periisse
723 1962 874 2013 necessest

156 2035 309 2094 confiteare
321 2037 436 2094 animam
448 2035 611 2095 distractam
622 2037 649 2092 in
663 2052 785 2112 corpere
797 2045 867 2094 toto.

157 2120 263 2196 quippe
276 2114 379 2177 etenim
390 2117 508 2178 mortale
519 2127 635 2177 aeterno
647 2120 765 2194 iungere
781 2128 810 2177 et
821 2134 874 2175 una

157 2204 318 2262 consentire
330 2211 429 2280 putare
442 2210 470 2260 et
484 2200 562 2278 iungi
574 2209 667 2259 mutua
679 2218 767 2280 posse

90 2294 142 2349 800
155 2284 329 2362 desiperest:
344 2284 409 2364 quid
423 2287 495 2345 enim
507 2284 646 2344 diversius
658 2304 725 2346 esse
737 2283 915 2362 putandumst

154 2378 200 2429 aut
213 2370 301 2447 magis
312 2371 384 2430 inter
396 2389 428 2430 se
442 2367 609 2429 disiunctum
622 2368 886 2448 decrepitamque,

154 2471 236 2530 quam
247 2453 364 2514 mortale
376 2453 451 2532 quod
464 2463 508 2514 est
520 2452 657 2514 inmortali
671 2463 754 2532 atque
768 2454 885 2532 perenni

154 2539 278 2595 iunctum
290 2538 317 2595 in
329 2537 451 2598 concilio
466 2556 566 2598 saevas
578 2536 702 2598 tolerare
716 2533 881 2616 procellas?

155 2620 314 2698 {praeterea
327 2638 521 2699 quaecumque
531 2629 642 2681 manent
654 2630 768 2680 aeterna
778 2629 930 2680 necessest

90 2712 142 2768 805
154 2711 201 2761 aut
213 2705 277 2779 quia
289 2712 352 2763 sunt
364 2703 456 2763 solide
469 2721 532 2762 cum
544 2721 667 2782 corpore
678 2722 817 2782 respuere
829 2705 903 2761 ictus

154 2804 210 2845 nec
223 2795 372 2863 penetrare
386 2788 441 2862 pati
455 2787 508 2845 sibi
521 2789 669 2864 quicquam
682 2785 758 2864 quod
770 2794 854 2864 queat
866 2793 939 2844 artas

155 2869 312 2930 dissociare
324 2871 398 2929 intus
410 2870 496 2947 partis
507 2878 537 2927 ut
551 2871 675 2928 materiai

155 2969 277 3032 corpora
288 2962 352 3013 sunt
364 2970 482 3031 quorum
494 2962 617 3014 naturam
629 2952 804 3014 ostendimus
816 2960 880 3011 ante

153 3046 199 3097 aut
210 3037 276 3098 ideo
291 3037 391 3098 durare
407 3046 527 3098 aetatem
541 3055 628 3115 posse
640 3055 693 3116 per
708 3053 818 3096 omnem

89 3130 143 3186 tuo
153 3122 298 3202 plagarum
311 3124 374 3202 qnia
387 3131 450 3182 sunt
463 3123 591 3201 expertia
606 3123 680 3182 sicut
691 3123 800 3180 inanest

154 3207 230 3286 quod
242 3216 334 3268 manet
345 3207 478 3268 intactum
490 3224 584 3285 neque
596 3205 631 3265 ab
644 3206 702 3264 ictu
715 3204 839 3281 iungitur
853 3202 938 3263 hilum

154 3293 295 3351 autetiam
308 3293 372 3371 quia
383 3289 458 3350 nulia
470 3289 527 3349 ioci
543 3291 578 3349 sit
591 3291 673 3368 copia
686 3291 791 3348 circum

155 3392 210 3452 quo
224 3377 303 3454 quasi
317 3394 363 3435 res
376 3376 486 3454 possint
498 3372 648 3434 discedere
660 3371 836 3452 dissoluique

153 3460 236 3521 sicuti
248 3477 415 3520 summamus
426 3467 560 3520 summast
571 3467 684 3520 aeterna
694 3476 787 3537 neque
799 3465 912 3600 entra6ss
