2340 3854
137 173 180 238 98
619 165 660 226 iv

225 355 325 399 rerum
334 351 389 396 noe
400 331 493 395 oeulis
503 334 570 413 qnia
581 331 653 394 rolin
666 348 787 393 eernere
798 328 927 410 quimus,

160 432 215 487 240
228 429 383 501 propterea
394 419 424 478 iit
434 420 491 494 nti,
504 419 635 496 speeiem
645 433 703 495 que
714 416 868 491 venium,
879 431 983 479 enee

227 525 275 567 res
287 503 327 564 ibi
338 519 400 562 eum
412 511 510 562 eontrn
520 499 623 561 ferient
634 499 818 578 formantque
834 497 944 561 eolore.

228 599 258 649 et
269 593 401 667 quantum
413 602 544 664 pureque
554 585 590 644 ult
607 584 689 645 nobie
700 601 750 644 rer
758 582 850 657 ebrit,
862 584 956 662 ingo

228 671 318 732 eifleit
329 677 359 728 nt
370 667 517 728 rideamne
527 675 558 728 et
572 670 770 728 internoscere
781 674 875 727 eurat:

227 772 290 815 nem
302 771 365 814 eum
376 753 508 829 mittitur,
520 750 667 830 extemplo
676 748 817 829 protrudit
825 751 943 831 agitque

164 849 215 904 245
230 846 297 900 uera
307 837 356 916 qui
365 837 440 896 inter
450 854 484 897 ee
496 852 617 913 eumque
629 842 674 895 eet
684 832 845 912 oeuloeque
857 832 987 914 locem,

229 925 312 999 isque
326 922 364 979 ita
375 938 429 999 per
439 927 552 980 nostres
564 920 645 979 neiee
657 917 814 997 perlabitur
823 918 914 979 omnis

230 1016 259 1067 et
270 1005 352 1084 quasi
366 1011 515 1082 perterget
527 1001 650 1082 pupillae
662 1010 748 1080 atque
759 1002 798 1061 itu
808 1003 917 1063 transit.

230 1097 385 1170 propterea
394 1088 424 1148 iit
434 1089 474 1147 uti
487 1086 633 1147 videamur
644 1103 728 1165 quem
741 1085 843 1164 proeul
856 1085 931 1147 ebrit

231 1193 278 1234 ree
291 1189 431 1252 quaeque.
445 1180 476 1232 et
489 1181 593 1249 quanto
605 1169 671 1249 plur
682 1170 758 1231 utria
769 1178 834 1230 unte
845 1169 966 1246 agimtur

165 1269 218 1322 uto
233 1268 262 1319 et
276 1265 391 1317 nostroe
403 1255 506 1317 oeulos
520 1262 670 1334 perterget
683 1253 797 1331 longior
807 1269 891 1331 nure,

233 1353 289 1404 tem
300 1338 401 1420 procul
415 1358 483 1401 esee
494 1341 584 1417 mugio
595 1357 645 1399 ree
657 1355 789 1416 queeqne
799 1345 909 1398 remote
918 1336 1033 1398 videtur

233 1425 363 1500 scilieet,
375 1423 448 1485 lmee
460 1441 568 1485 summe
580 1421 669 1484 eeleri
682 1423 792 1482 ratione
801 1431 956 1500 geruntur,

233 1508 317 1589 quale
329 1509 366 1569 eit
375 1517 405 1567 ut
420 1507 582 1583 videmus,
595 1516 625 1567 et
636 1523 690 1565 une
701 1523 785 1584 quum
795 1503 897 1585 proenl
909 1506 992 1568 ebrit.

232 1592 302 1654 illud
312 1592 341 1650 in
353 1590 397 1652 hie
408 1591 495 1654 relme
506 1592 619 1650 minime
629 1588 757 1650 mirabile
769 1587 972 1669 habendunet,

170 1684 222 1740 255
235 1695 302 1754 cur,
315 1694 350 1736 ee
362 1693 434 1753 quae
446 1675 548 1735 ferient
560 1672 662 1735 oeulos
674 1672 824 1735 simulacra
835 1672 927 1735 rideri

234 1759 345 1837 singula
358 1777 422 1818 oum
436 1768 596 1837 nequeunt,
607 1775 656 1819 ree
666 1759 748 1837 ipone
758 1759 975 1836 perspiciantur.

233 1852 335 1904 ventus
347 1843 421 1902 euim
432 1860 548 1921 quoque
559 1840 692 1921 paulatim
703 1858 766 1902 eum
776 1842 911 1904 verberet
924 1852 955 1907 et
965 1861 1031 1904 enm

234 1944 301 1988 ecre
313 1925 374 1986 fluit
386 1925 494 2003 frigus,
505 1944 563 1987 non
572 1927 680 2005 prirnm
693 1943 833 2004 quemque
848 1926 975 1988 solemne

235 2010 402 2094 particulam
412 2013 489 2070 renti
501 2012 608 2072 sentire
620 2019 650 2071 et
660 2009 777 2088 frigoris
788 2011 868 2087 eine,

170 2104 223 2158 260
236 2095 289 2158 sed
299 2096 389 2173 magis
400 2111 550 2171 uuorenm,
564 2095 683 2173 fierique
696 2093 816 2174 perinde
826 2094 956 2159 ridemur

237 2196 361 2259 eorpore
373 2187 432 2238 tum
443 2178 544 2258 plegae
555 2178 693 2239 innostro
704 2187 845 2257 umquam
854 2177 966 2259 aliqum
979 2198 1031 2243 ree

235 2263 370 2324 verberet
381 2271 466 2341 etque
477 2264 522 2322 sui
536 2261 585 2322 det
596 2278 712 2322 sensum
723 2264 854 2340 eorporis
865 2273 954 2324 extre,

237 2356 387 2427 praeterea
399 2344 523 2425 lapidem
534 2345 623 2422 digito
640 2362 704 2405 eum
714 2344 871 2425 tundimus,
882 2349 977 2426 iprum

237 2431 376 2508 tangimus
392 2438 550 2490 extremum
560 2429 620 2489 rexi
631 2446 825 2508 summumque
838 2429 982 2509 colorent,

174 2523 223 2578 265
238 2532 293 2575 nee
304 2514 440 2574 sentimur
452 2530 516 2572 eum
529 2522 621 2590 tuctu,
633 2530 731 2573 rerum
742 2515 831 2592 megia
842 2516 933 2595 iprum

239 2598 369 2658 duritiem
380 2597 493 2677 penitus
506 2598 566 2658 enni
579 2599 716 2659 sentimus
726 2599 754 2658 in
765 2597 833 2659 ulto.

279 2679 362 2742 Nune
371 2700 444 2761 nge,
459 2700 510 2742 eur
519 2681 592 2743 ultra
603 2682 753 2763 epeeulum
763 2683 891 2745 rideatur
901 2684 994 2760 imago

238 2767 312 2844 illis,
324 2784 396 2847 quoe
408 2766 529 2828 reddunt
540 2767 723 2847 speculorum
738 2786 777 2828 ex
787 2785 915 2846 aequore
926 2767 1039 2844 virum,

238 2853 372 2931 peroipe:
383 2870 446 2912 uam
461 2861 541 2913 eerte
553 2855 667 2931 penitus
677 2861 787 2913 semote
796 2852 917 2912 videtur.

175 2940 226 2995 2⁷0
240 2936 316 3015 quod
328 2954 420 3014 genus
431 2935 479 2995 illu
494 2935 564 2996 loris
575 2954 649 3015 quae
659 2953 730 2997 rere
744 2935 979 3013 trempieiuntur,

240 3021 320 3079 ianua
336 3038 400 3079 eum
409 3037 464 3099 per
478 3038 511 3081 ee
523 3029 716 3099 transpectum
727 3018 847 3098 praebet
858 3021 1005 3093 apertum,

239 3102 325 3162 multa
335 3103 461 3182 iecitque
473 3103 542 3164 ioris
555 3121 593 3163 ex
601 3101 719 3163 nedibus
730 3109 761 3161 ut
770 3099 932 3160 videantur:

240 3188 264 3246 is
276 3203 391 3264 quoque
403 3190 477 3246 enim
488 3187 595 3266 duplici
605 3188 778 3266 geminoque
789 3183 819 3242 lit
833 3188 902 3244 edre
912 3182 1000 3244 meus.

240 3271 346 3348 primus
358 3272 432 3328 enim
445 3273 514 3331 eitra
525 3281 626 3350 poetes
638 3280 697 3332 tum
709 3270 834 3330 cernitur
844 3275 911 3344 aer,

177 3358 228 3414 275
240 3352 306 3414 inde
318 3351 397 3413 iores
407 3353 489 3432 iprae
500 3353 600 3417 dextre
610 3353 749 3434 luemque
761 3361 915 3429 reeuntur,

240 3446 307 3518 poet
318 3438 439 3499 extraria
452 3436 502 3498 lux
513 3439 614 3501 oeulor
627 3447 776 3520 perterget
787 3447 817 3500 et
827 3444 878 3500 etr
