2340 3854
456 216 669 275 PRAEFATIO.
1031 233 1060 272 rr

57 388 142 448 velim
152 401 205 462 par
217 386 407 443 difficillimum
418 401 566 455 versuum,
589 384 665 458 quod
676 385 741 456 quia
752 385 838 442 variis
850 386 932 443 simul
943 401 1059 458 corrup-

58 474 175 529 telarum
196 471 347 544 generibus
369 469 580 542 pessumdatum
608 474 665 537 est,
690 484 865 541 nonaeque
887 475 968 543 atque
993 469 1058 526 alibi

58 571 175 628 sperare
186 559 303 628 possum
313 556 373 610 lore
384 558 414 607 ut
424 553 471 610 vel
482 557 646 608 me'tacente
657 551 910 629 ratiogemcnduudi
921 557 1057 624 patescat

58 637 222 696 Scribuntur
232 639 276 693 isti
287 653 404 707 versus,
416 636 463 708 qui
474 636 704 704 scrutamini
714 636 847 704 secundi,
858 637 949 692 rubris
961 636 1057 693 litteris

57 722 213 779 uncialibus
229 720 397 793 in‘Oblongo
409 719 522 788 codice,
544 719 646 774 desunt
663 718 691 774 in
703 717 845 786 Quadrato
864 719 950 776 tribus
968 720 1063 777 versi,

58 806 128 862 culis
138 806 312 874 vacantibus,
323 810 353 860 ut
366 806 425 859 lere
438 817 552 874 semper
562 804 605 870 (v.
617 802 691 857 Mus.
702 801 793 858 Rhen.
804 819 832 874 p.
844 805 910 872 543)
920 802 951 858 fit
964 804 993 857 in
1003 803 1058 859 hoc

58 887 157 944 codice
167 887 344 960 ubicunque
337 902 366 942 m
377 885 503 959 Oblongo
517 887 619 942 rubrae
629 886 735 942 litterae
746 887 932 958 reperiuntur.
959 887 991 941 ln
1002 885 1057 943 Ob·

57 973 143 1043 longo
154 971 238 1044 igitur
249 976 358 1027 exstant
366 969 451 1026 haec.

101 1067 272 1126 SUBSIDIIS
286 1066 422 1125 MAGNIS
433 1063 574 1124 EPICURI
588 1066 870 1125 CONSTABILITAS

100 1150 269 1210 ORNATAS
288 1150 400 1208 ARMIS
423 1149 844 1222 ITASTATUASTARITERQ.
864 1149 1054 1206 ANIMATAS

57 1253 168 1325 punctis
187 1255 237 1309 sub
249 1252 299 1307 AT
318 1253 436 1325 aprima
455 1267 538 1306 manu
556 1251 644 1306 iactis.
677 1250 735 1306 Hos
755 1266 855 1307 versus
874 1265 937 1304 cum
947 1250 1057 1320 priores

58 1336 181 1392 editores
193 1337 251 1392 iere
261 1351 359 1391 omnes
372 1335 408 1391 de
419 1330 613 1407 emendatione
625 1332 809 1404 desperantes
817 1333 956 1402 eiecerint,
967 1331 1058 1387 Lach-

57 1435 176 1474 mannus
192 1421 220 1474 in
231 1420 382 1475 verborum
394 1417 521 1473 ordinem
533 1416 644 1470 admisit
655 1416 695 1471 sic
707 1416 820 1486 quidem
832 1415 963 1487 scriptosr

178 1512 212 1563 40
230 1514 253 1561 si
263 1526 313 1561 non
323 1511 387 1562 sorte
397 1520 454 1560 tuas
465 1511 580 1577 legiones
590 1525 636 1576 per
644 1511 700 1560 loca
710 1513 795 1577 campi

229 1581 327 1631 fervere
337 1595 394 1631 cum
403 1580 491 1631 videas
501 1616 509 1641 ,
520 1579 581 1630 belli
590 1578 727 1630 simulacra
737 1581 842 1640 cientis,

228 1649 351 1700 subsidiis
360 1649 509 1716 magnisque
520 1648 661 1712 elephantis
670 1648 856 1708 constabilitas,

229 1726 331 1768 ornotas
342 1720 434 1780 armis,
444 1719 559 1782 ualidas,
570 1719 714 1783 pariterque
724 1717 846 1768 animatas

56 1803 252 1859 Lachmannus
272 1803 338 1860 inde
353 1803 537 1876 proficiscitur
556 1803 632 1875 quod
648 1803 791 1859 Lucretius
801 1802 837 1873 V,
847 1807 916 1861 1225
933 1801 1057 1873 scripsit:

56 1887 285 1959 Induperutorem
295 1889 392 1944 cussis
401 1903 487 1960 super
495 1902 614 1960 aequora
630 1890 716 1944 verrit
727 1886 792 1944 Cum
802 1886 939 1943 validis
948 1887 1058 1957 puriter

57 1970 203 2044 lepiontbus
219 1976 301 2043 aune
321 1970 542 2042 elephantis.
574 1971 655 2027 Unde
670 1986 809 2042 apparere
822 1969 892 2026 dixit
909 1969 992 2025 etiam
1002 1967 1058 2024 hoc

57 2056 119 2110 loco
130 2070 182 2126 pro
189 2053 329 2111 EPICURI
340 2055 520 2110 scribendum
527 2070 591 2110 esse
599 2054 758 2125 elephantus,
769 2070 820 2125 pro
829 2049 1056 2121 nnsrnpuns

57 2138 276 2194 autemueliduc.
318 2135 393 2193 Sane
413 2137 484 2192 haec
498 2136 667 2192 emendandi
679 2136 749 2191 ratio
766 2137 829 2190 licet
848 2133 1059 2189 nilhabeetcur

57 2226 179 2292 nequeat
189 2221 268 2290 ierri,
283 2226 376 2276 tamen
388 2236 480 2291 neque
498 2236 515 2275 a
527 2220 664 2276 sententia
684 2235 777 2290 neque
788 2236 805 2274 a
816 2219 943 2275 ductibus
954 2217 1058 2274 littera·

57 2320 119 2360 rum
140 2305 177 2359 ita
195 2309 356 2376 comparata
376 2311 418 2359 est
435 2310 463 2359 nt
479 2320 722 2376 supervacaneum
745 2305 780 2359 sit
796 2303 944 2374 anquirere
963 2301 1057 2357 aliam.

58 2387 140 2455 Quod
157 2387 197 2442 sic
217 2389 382 2444 instituimus
401 2395 431 2442 ut
449 2387 571 2461 primurn
593 2388 705 2459 quidem
727 2388 755 2442 in
765 2385 905 2443 EPICURI
915 2388 1058 2458 glossema

57 2483 276 2543 agnosceremus
295 2474 329 2527 ab
341 2472 418 2527 initio
434 2472 471 2527 ad
488 2472 613 2529 subsidias
629 2490 657 2528 v.
669 2475 703 2528 42
722 2472 887 2543 ascriptum;
906 2464 1058 2544 ἔπικουροι

58 2555 132 2610 euim
145 2553 258 2610 Graecis
271 2555 363 2611 eidem
376 2561 439 2610 sunt
450 2556 497 2627 qui
508 2556 612 2611 Latinis
627 2556 727 2626 copiae
739 2556 898 2611 auxiliares.
937 2554 969 2610 ld
980 2554 1057 2626 glos·

57 2652 137 2692 sema
151 2637 188 2691 ad
204 2636 335 2709 Gargettii
346 2636 507 2710 philosophi
524 2654 627 2695 nornen
646 2638 806 2695 trahebatur
826 2640 860 2694 ab
879 2637 1014 2708 imperitis
1026 2637 1058 2691 li-

56 2719 157 2775 brariis
171 2734 262 2788 eoque
278 2720 384 2774 facilius
406 2721 612 2777 immiscebatur
629 2723 726 2778 versui
735 2725 780 2779 42.
820 2723 851 2776 ln
867 2721 942 2775 hunc
964 2725 1056 2775 autem

57 2817 173 2858 versum
185 2817 248 2856 cum
259 2802 449 2870 inierciretur,
468 2806 563 2858 eloco
586 2820 653 2873 suo,
677 2805 723 2874 qui
745 2810 803 2859 erat
821 2819 922 2858 versus
933 2805 984 2872 42,
1007 2803 1057 2859 de-

57 2884 137 2940 trusit
154 2885 183 2940 in
200 2885 321 2941 eandem
338 2885 449 2940 alterius
468 2889 503 2944 43
519 2886 651 2943 versiculi
668 2887 813 2958 regionem
835 2886 864 2942 id
880 2887 1057 2956 vocabulum,

58 2968 136 3024 cuius
157 2983 231 3023 nune
252 2968 307 3024 hee
327 2975 478 3041 supersunt
500 2970 654 3026 mendosae
676 2971 797 3026 litterae:
819 2968 1058 3040 nnsrnruns.

58 3051 163 3119 Quibus
177 3052 352 3125 corrigendis
363 3052 392 3108 id
404 3051 595 3110 adhibendum
607 3061 650 3111 est
666 3054 743 3126 quod
760 3054 789 3109 in
800 3054 943 3110 codicibus
954 3054 1056 3110 Lucre-

56 3136 137 3191 tianis
156 3134 217 3190 fieri
236 3137 386 3194 observavi
398 3141 427 3191 nt
443 3137 551 3196 litterae
568 3138 593 3193 H
610 3145 639 3195 et
653 3138 688 3194 IT
709 3139 781 3194 inter
803 3155 835 3194 se
854 3142 1055 3210 permutentur.

56 3217 104 3275 Sic
115 3219 162 3288 IV,
180 3224 234 3278 820
250 3237 302 3293 pro
318 3237 353 3276 eo
371 3219 447 3292 quod
463 3239 527 3279 esse
547 3221 631 3278 debet
646 3222 698 3278 et'
690 3239 719 3279 rn
730 3222 857 3296 Oblongo
876 3223 960 3279 etiarn
974 3227 1016 3278 est
1028 3223 1057 3277 in

55 3303 99 3357 bis
117 3302 272 3359 scribitur
266 3320 294 3359 m
311 3303 451 3371 Quadrato
469 3306 556 3368 initis·
577 3322 669 3381 neque
688 3308 800 3364 aliunde
818 3309 860 3377 l‚'

56 3386 189 3456 simplicis
211 3385 311 3444 Italiae
330 3391 460 3459 pervenit
478 3390 610 3459 Herelius,
641 3391 718 3462 quod
733 3379 861 3465 putidae

56 3471 163 3541 speeie
173 3471 279 3527 tamdiu
302 3472 423 3529 editores
450 3475 561 3543 tetellit,
590 3474 712 3547 denique
733 3474 790 3533 huc
815 3491 836 3532 rt
