2340 3854
557 247 585 305 V

159 415 308 490 convenit,
320 413 385 474 inde
394 430 483 493 super
491 421 582 474 terras
594 414 654 474 duit
663 415 775 491 agmine
788 413 864 474 dulci

158 514 213 576 qua
223 499 269 556 via
279 505 360 558 secta
370 495 461 557 semel
477 495 584 575 liquido
597 497 672 576 pede
684 496 786 558 detulit
796 496 894 557 undas.

200 579 278 640 Aera
288 595 364 640 nuuc
378 579 583 657 igituruium,
596 581 644 658 qui
658 595 780 658 corpore
792 589 853 640 toto

157 659 396 723 innumerabiliter
408 663 502 741 privas
516 672 636 723 mutatur
650 663 678 720 iu
690 661 784 724 horas.

91 753 143 809 275
157 764 274 825 semper
282 746 356 806 enim
364 777 378 822 ,·
385 744 584 824 quodcumque
595 745 655 805 duit
667 744 702 804 de
714 745 817 822 rebus,
832 745 861 804 id
872 763 955 806 omne

159 831 234 889 aeris
246 830 275 888 in
284 846 415 906 magnum
425 827 516 888 femur
526 846 618 897 mare;
631 829 679 906 qui
690 830 744 889 nisi
759 838 857 889 contra

159 928 280 992 corpora
290 911 427 972 retribuat
439 911 526 972 rebus
536 921 709 991 recreetque
721 912 852 990 liuentis,

159 997 251 1056 omnia
261 996 316 1053 iam
325 993 452 1055 resoluta
463 995 559 1055 forent
568 1004 597 1056 et
609 997 637 1055 in
651 1003 719 1058 adra
732 1013 831 1056 versa:

158 1078 224 1139 haut
236 1079 321 1156 igitur
336 1088 431 1139 cessat
441 1080 520 1157 gigni
531 1078 567 1138 dc
578 1080 664 1140 rebus
679 1089 708 1140 et
719 1081 747 1138 in
758 1097 806 1139 res

92 1169 145 1224 280
155 1162 321 1239 reccidere,
333 1161 450 1222 adsidue
462 1162 592 1241 quoniam
607 1162 696 1223 fluere
710 1163 801 1222 omnia
813 1170 931 1223 constet.
1042 1200 1046 1205 -

201 1243 308 1321 Largus
320 1247 388 1306 item
399 1244 497 1323 liquidi
508 1245 572 1305 ions
586 1243 713 1321 luminis,
727 1243 870 1304 aetherius
882 1244 945 1321 sol,

159 1330 260 1405 inriget
272 1326 389 1387 adsidue
401 1327 512 1387 caelum
525 1327 647 1388 candore
659 1327 769 1386 recenti

160 1408 381 1488 suppeditatque
392 1426 468 1470 noro
480 1410 631 1471 confestim
642 1409 747 1469 lumine
759 1408 862 1468 lumen.

159 1511 221 1553 nam
234 1493 352 1571 primum
363 1493 497 1570 quicquid
507 1491 626 1570 iulgoris
638 1492 756 1572 disperit
767 1494 813 1569 ei,

94 1584 146 1638 28⁵
160 1592 338 1655 quocumque
350 1572 461 1636 accidit.
474 1574 502 1634 id
515 1575 584 1637 licet
595 1575 661 1636 binc
675 1593 855 1653 cognoscere
867 1578 979 1655 possis,

161 1657 238 1739 quod
251 1656 333 1719 simul
345 1675 379 1718 ac
392 1659 510 1737 primum
522 1660 613 1720 nubes
625 1659 785 1720 succedere
797 1658 853 1720 soli
906 1703 909 1707 «

162 1759 288 1821 coepere
300 1751 329 1802 et
339 1742 434 1802 radios
444 1743 518 1804 iuter
531 1744 611 1822 quasi
623 1760 755 1822 rumpere
768 1741 858 1819 lucis,

161 1824 307 1904 externplo
317 1825 434 1885 inferior
445 1845 510 1906 pars
524 1826 623 1886 horum
634 1826 753 1905 disperit
765 1827 871 1901 omnis,
934 1854 937 1859 >

159 1917 292 1987 terraque
307 1908 478 1969 inumbratur
489 1928 543 1988 qua
555 1910 640 1970 nimbi
654 1928 775 1988 cumque
787 1909 930 1976 ieruntur;

95 1999 147 2052 290
159 2000 190 2052 ut
203 2007 307 2052 noscas
319 1991 474 2069 splendore
485 2010 561 2052 novo
572 2012 620 2053 res
632 2011 748 2070 semper
759 2010 865 2068 cgere,

162 2084 191 2134 et
201 2076 320 2153 primum
330 2076 433 2134 iactum
446 2073 565 2152 fulgoris
578 2093 719 2153 quemque
731 2077 844 2152 perire,

161 2175 216 2218 nec
227 2158 335 2217 ratione
347 2155 401 2216 alia
415 2175 463 2219 res
477 2174 565 2236 posse
579 2159 607 2217 in
619 2157 683 2217 sole
696 2158 801 2233 videri,

161 2249 302 2319 perpetuo
314 2241 343 2298 ni
353 2239 516 2319 suppeditet
527 2239 600 2301 lucis
614 2250 699 2319 caput
711 2243 812 2319 ipsum.

161 2325 322 2403 quinetiam
335 2333 472 2385 nocturne
482 2325 551 2402 tibi,
562 2325 709 2386 terrestria
722 2342 794 2403 quae
806 2332 887 2400 sunt,

97 2413 149 2467 295
160 2405 279 2483 lumina,
294 2406 453 2486 pendentes
464 2407 560 2484 lychni
573 2407 724 2487 claraeque
738 2409 866 2469 coruscis
930 2401 937 2415 '

161 2489 319 2567 fulguribus
332 2492 453 2570 pingues
464 2491 550 2553 multa
562 2492 683 2571 caligine
695 2491 794 2554 taedae
852 2560 855 2566 ¹

163 2573 302 2633 consimili
313 2586 467 2653 properant
478 2577 604 2652 ratione,
620 2578 721 2637 ardore
735 2576 881 2650 ministro,

162 2655 345 2732 suppeditare
358 2673 462 2716 novom
473 2657 584 2735 lumen,
599 2668 722 2719 tremere
734 2658 846 2735 ignibus
858 2658 978 2735 instant,

163 2741 281 2815 instant,
293 2756 350 2798 nec
361 2737 426 2798 loca
441 2738 491 2799 lux
502 2742 575 2801 inter
588 2743 667 2818 quasi
679 2749 760 2818 rupte
773 2739 921 2816 relinquit:

98 2829 254 2900 amneque
268 2819 340 2881 adeo
352 2831 539 2900 properanter
549 2823 584 2882 ab
597 2821 724 2884 omnibus
739 2823 851 2899 ignibus
867 2825 894 2882 ei

163 2906 278 2965 exitium
290 2903 379 2965 celeri
391 2902 500 2966 celatur
515 2906 623 2983 origine
636 2906 771 2966 dammae,

162 2989 302 3066 sicigitur
315 2987 407 3050 solem
419 2986 512 3048 lunam
525 2986 682 3068 stellasque
695 2989 874 3068 putandumst

163 3090 201 3132 ex
210 3070 266 3132 alio
277 3080 361 3150 atque
373 3071 429 3132 alio
440 3071 534 3132 luceru
545 3073 650 3133 iaotme
662 3071 780 3134 subortu

163 3164 192 3215 et
203 3157 322 3234 primum
332 3156 467 3235 quicquid
477 3155 645 3216 flammarum
658 3154 780 3235 perdere
792 3174 907 3234 semper
914 3180 922 3226 ;

99 3245 151 3299 305
164 3237 335 3298 inviolabilia
348 3239 420 3300 haee
431 3258 467 3299 ne
483 3237 583 3298 credas
596 3238 671 3299 iorte
684 3240 793 3316 vigere.

197 3320 328 3400 Denique
341 3339 397 3382 non
409 3322 519 3402 lapides
532 3338 646 3402 quoqne
659 3323 733 3381 vinci
747 3323 840 3382 cernis
851 3324 887 3384 ab
902 3341 990 3402 aevo,

162 3421 217 3464 non
228 3405 299 3466 altas
313 3407 398 3467 turris
410 3424 494 3467 ruere
505 3414 534 3466 et
545 3414 713 3484 putrescere
726 3423 809 3482 sua,

160 3505 216 3548 non
229 3487 346 3548 delubra
356 3486 439 3549 deum
449 3488 654 3568 simulacraque
668 3488 746 3550 iessa
757 3488 867 3566 fatisci,
