2340 3854
545 206 570 265 V
992 210 1053 276 127

142 384 170 438 at
182 374 235 436 nisi
246 380 423 453 purgatumst
434 378 555 452 pectus,
571 390 643 451 quae
655 372 766 452 proelia
775 373 859 436 nobis

141 467 226 538 etque
237 455 365 537 pericula
376 465 462 517 tumst
472 456 588 533 ingratis
599 457 808 518 insinuandum!

90 551 125 606 45
142 548 261 621 quantae
276 549 333 600 tum
344 538 475 602 scindunt
485 537 627 601 hominem
638 540 807 620 cuppedinis
819 559 905 603 acres

58 680 62 687 .
142 623 296 688 sollicitum
310 641 412 699 curse,
426 624 578 702 quantique
592 624 709 703 perinde
721 624 852 686 timores!

143 708 246 788 quidve
258 706 392 786 superbia
402 707 538 784 spurcitia
547 723 582 766 ec
596 705 769 785 petulantia?
785 717 904 786 quantas

142 793 269 853 elliciunt
281 788 393 851 clades!
406 787 473 868 quid
485 787 569 850 luxus
582 787 787 868 desidiaeque?

140 875 212 936 haec
224 876 310 952 igitur
320 873 368 951 qui
379 882 481 933 cuncta
491 875 639 951 subegerit
654 875 851 955 exanimeque

93 969 128 1022 50
142 957 285 1038 expulerit
294 956 394 1033 dictis,
409 974 465 1016 non
475 959 576 1035 armis,
589 975 683 1018 nonne
695 957 810 1020 decebit

141 1043 215 1102 hunc
228 1041 368 1100 hominem
380 1057 496 1101 numero
510 1041 603 1102 divom
617 1042 759 1120 dignarier
771 1041 860 1105 esse‘l

143 1143 206 1186 cum
216 1126 290 1186 bene
304 1126 473 1203 praesertim
482 1124 568 1186 multe
579 1143 614 1187 ec
628 1126 760 1186 divinitus
771 1128 842 1205 ipsis

21 1276 26 1287 ,
141 1207 336 1269 immortalibu’
347 1207 384 1268 de
398 1208 470 1268 divis
483 1209 551 1268 dere
563 1208 638 1268 dicta
648 1210 739 1268 suerit

141 1301 226 1371 atque
241 1309 352 1351 omnem
363 1308 457 1350 rerum
469 1300 593 1351 naturam
603 1290 729 1369 pandere
741 1290 833 1352 dictis.

93 1388 125 1441 55
186 1373 273 1435 Cuius
287 1391 344 1452 ego
356 1376 504 1451 ingressus
516 1375 638 1452 vestigia
649 1373 714 1434 dum
725 1375 849 1436 rationes

49 1503 51 1506 ψ
141 1475 302 1540 persequor
311 1475 345 1518 ee
356 1456 450 1518 doceo
460 1457 559 1535 dictis,
576 1475 632 1537 quo
644 1475 774 1538 quaeque
788 1470 884 1520 creata

141 1543 260 1604 loedere
274 1543 346 1619 sint,
359 1543 387 1601 iu
400 1558 436 1601 eo
452 1560 532 1621 qnam
545 1543 582 1603 sit
593 1541 693 1602 durare
704 1560 857 1603 necessum

142 1645 198 1688 nee
210 1624 317 1686 validas
328 1624 439 1687 valeant
449 1629 512 1686 aevi
523 1625 689 1688 rescindere
704 1625 807 1705 leges,
898 1664 905 1673 ·

142 1728 198 1791 qno
213 1728 322 1788 genere
332 1711 361 1769 in
373 1711 470 1789 primis
484 1712 565 1771 enimi
579 1719 676 1771 notura
686 1720 801 1790 reperte
812 1720 857 1772 est

95 1806 130 1861 60
145 1796 239 1856 nativo
255 1796 372 1874 primum
385 1795 544 1856 consistere
557 1812 679 1874 corpore
693 1802 771 1855 creta

142 1896 197 1940 nec
212 1895 301 1958 posse
311 1878 459 1940 incolumis
471 1897 600 1958 magnum
612 1879 712 1940 durare
724 1896 778 1958 per
789 1897 910 1958 aevom,

142 1962 195 2025 sed
207 1961 354 2022 simulacra
366 1962 460 2023 solere
473 1964 500 2021 iu
512 1966 617 2025 somnis
629 1962 729 2022 iallere
744 1972 883 2039 mentem,

143 2063 263 2107 cernere
279 2062 343 2104 cum
353 2044 497 2104 videamur
511 2063 575 2104 eum
588 2062 672 2123 quem
681 2046 739 2104 vita
749 2042 880 2122 reliquit,

143 2127 220 2210 quod
233 2135 383 2206 superest,
396 2144 469 2186 nunc
482 2126 538 2187 huc
551 2129 666 2187 rationis
679 2125 778 2185 detulit
789 2126 876 2203 ordo,

96 2224 129 2280 65
144 2223 175 2273 ut
186 2211 251 2270 mihi
263 2208 372 2269 mortali
386 2212 544 2271 consistere
558 2227 680 2288 corpore
691 2209 822 2268 muudum

144 2296 325 2374 nativomque
339 2292 421 2354 simul
435 2296 506 2354 ratio
519 2293 662 2355 reddunda
674 2295 711 2355 sit
722 2311 805 2361 esse;

143 2389 174 2442 et
188 2380 289 2460 quibus
299 2376 349 2439 ille
363 2378 454 2440 modis
468 2395 642 2457 congressus
652 2379 777 2439 materiei

144 2463 263 2525 fundarit
274 2471 392 2540 terrem,
408 2463 534 2542 caelum,
546 2482 638 2541 mare,
652 2462 762 2540 sidera,
775 2461 882 2540 solem,

144 2548 276 2626 lunaique
286 2545 417 2624 globum
429 2557 487 2607 tum
499 2567 572 2627 quae
584 2546 688 2609 tellure
700 2548 853 2608 animantes

97 2638 132 2695 70
145 2632 305 2707 extiterint,
318 2638 347 2688 et
360 2647 432 2708 quae
447 2630 525 2690 nullo
536 2634 591 2691 sint
604 2640 734 2710 tempore
744 2640 841 2697 natee;

146 2731 239 2795 quove
250 2712 334 2773 modo
346 2730 437 2789 genus
447 2711 595 2773 humanum
606 2716 731 2773 variante
743 2712 869 2791 loquella

145 2800 276 2877 eoeperit
287 2799 360 2856 inter
372 2814 406 2856 se
417 2798 497 2857 vesci
509 2813 563 2874 per
572 2796 682 2855 nomine
693 2812 802 2862 rerum;

145 2891 174 2943 et
185 2881 286 2960 quibus
299 2877 348 2940 ille
359 2878 449 2940 modis
461 2880 553 2939 divom
563 2887 656 2938 metus
670 2878 814 2938 insinuarit

145 2975 280 3045 pectora,
293 2974 429 3025 terrarum
443 2965 490 3042 qui
502 2965 530 3022 iu
541 2962 603 3023 orbi
614 2970 712 3024 sancta
722 2967 818 3020 tuetur

96 3056 129 3112 75
144 3050 208 3110 lene
220 3046 300 3110 lacus
315 3046 397 3108 lucos
410 3065 472 3109 aras
483 3047 689 3125 simulacraque
700 3043 803 3104 divom.

39 3202 46 3214 Ι
145 3129 762 3213 praetereasoliscursusluneequemeatus

146 3214 294 3296 expediam
307 3233 362 3295 qua
375 3217 403 3274 vi
415 3216 511 3276 flectat
521 3223 618 3275 ustura
628 3212 804 3292 gubernem

145 3319 181 3360 ne
193 3300 267 3360 lorte
278 3299 351 3360 haec
362 3301 435 3360 inter
446 3296 557 3362 caelum
571 3306 732 3377 terramque
742 3310 850 3357 memus

145 3383 235 3445 libera
249 3392 353 3462 sponte
364 3400 416 3444 sua
427 3401 528 3446 cemus
540 3381 661 3442 lustrare
671 3381 823 3461 pereurris,

94 3477 129 3532 80
142 3467 284 3545 morigere
297 3466 332 3529 ad
345 3467 445 3545 fruges
459 3464 603 3547 appendes
614 3472 701 3547 elque
709 3461 881 3541 smmum,-
