2340 3854
143 115 205 180 toi
626 119 666 180 Vi

226 285 356 347 scilicet:
369 284 419 346 iile
435 286 537 347 eodem
549 285 655 363 fertur,
670 303 727 366 quo
742 288 939 368 praecipitavit

226 372 280 429 iam
291 367 383 431 semei
394 378 424 429 et
435 380 543 448 partem
556 371 585 429 in
598 387 715 430 vacuam
728 373 874 432 conamina
884 373 1014 451 sumpsit.

143 463 211 516 1010
267 452 313 513 Fit
325 470 440 531 quoque
451 462 481 512 ut
492 472 508 513 a
520 452 613 532 lapide
625 452 681 513 hoc
693 453 762 513 ierri
774 463 870 514 natura
880 455 999 516 recedat

225 536 381 614 interdum,
396 535 498 613 iugero
512 544 599 615 atque
610 538 693 615 sequi
707 547 846 598 consueta
856 540 993 599 vicissim.

227 620 355 680 exultare
370 621 454 679 etiam
467 617 659 680 Samothracia
672 619 766 681 ferrea
779 622 837 681 vidi

227 713 257 764 et
268 711 392 764 ramenta
407 702 489 763 simul
502 702 569 763 ferri
580 703 677 764 iurere
688 704 762 764 intus
774 703 872 765 ahenis

225 789 254 846 in
268 785 412 866 scaphiis,
427 785 498 866 dapis
509 786 556 846 iric
566 785 686 864 Magnes
697 805 761 848 cum
772 787 903 848 subditus
914 800 1009 851 esset:

143 881 210 934 1015
225 888 317 950 usque
329 869 401 929 adeo
412 869 515 947 fugere
527 871 562 930 ab
575 888 644 930 saxo
655 872 764 948 gestire
776 871 896 932 videtur.

225 973 292 1015 aere
303 955 472 1031 interposito
488 953 629 1015 discordia
640 963 714 1014 tanta
727 963 840 1014 creetur

225 1046 380 1117 propterea
393 1038 475 1115 quia,
487 1038 631 1116 nimirum,
643 1039 723 1117 prius
734 1049 831 1099 aestus
842 1040 892 1101 ubi
903 1041 978 1102 aeris

225 1122 374 1201 praecepit
386 1120 512 1200 ferrique
525 1123 585 1182 vias
596 1121 726 1201 possedit
737 1131 868 1200 apertas,

224 1206 369 1285 posterior
380 1204 481 1284 lapidis
492 1208 571 1265 venit
581 1214 678 1267 aestus
691 1214 720 1264 et
732 1207 823 1265 omnia
835 1207 921 1286 plena

141 1300 209 1353 1050
225 1290 331 1349 invenit
342 1289 369 1346 in
381 1288 476 1366 ierro,
489 1307 584 1367 neque
595 1289 681 1349 hahet
693 1306 747 1368 qua
759 1299 851 1351 tranet
860 1300 890 1351 ut
901 1297 981 1350 ante:

225 1374 338 1449 cogitur
349 1372 491 1432 offensare
502 1375 588 1450 igitur
598 1373 771 1452 pulsareque
788 1373 873 1433 ductu

224 1457 320 1516 ferrea
330 1464 409 1515 texta
420 1474 489 1526 suo;
501 1474 558 1535 quo
569 1466 654 1536 pacto
668 1459 778 1536 respuit
790 1457 824 1518 ob
839 1477 872 1518 se

223 1550 309 1618 atque
320 1557 374 1618 per
385 1556 436 1600 aes
447 1542 550 1622 agitat,
562 1543 623 1601 sine
634 1558 671 1601 eo
684 1540 760 1619 quod
771 1559 860 1621 saepe
870 1541 1014 1603 resorbet.

266 1622 339 1682 lilud
350 1625 379 1683 in
390 1623 433 1684 his
446 1625 533 1684 rebus
546 1625 745 1702 discrimine,
759 1625 835 1703 quod
847 1635 945 1686 aestus

143 1719 208 1770 1055
226 1725 282 1767 non
293 1706 370 1766 vaiet
384 1726 401 1765 e
413 1706 507 1786 lapide
519 1707 576 1767 hoc
589 1708 656 1767 adias
668 1707 819 1786 impediere
829 1711 897 1769 item
908 1727 966 1770 res.

223 1790 352 1870 pondere
364 1791 437 1851 enirn
449 1790 540 1850 fretae
551 1793 651 1870 partim
666 1800 757 1860 stant;
775 1793 852 1870 quod
862 1811 954 1870 genus
964 1792 1063 1853 numm

225 1884 253 1935 et
265 1875 365 1953 partim
378 1890 440 1932 raro
453 1875 518 1953 quia
529 1885 594 1935 sunt
607 1893 670 1935 cum
683 1892 823 1954 corpore,
836 1885 867 1936 ut
878 1886 974 1938 aenos

223 1957 357 2038 pervolet
369 1959 508 2036 intactus,
523 1967 670 2038 nequeunt
680 1958 814 2039 inpellier
822 1978 954 2040 usquam:

223 2042 318 2119 lignea
329 2044 461 2103 rnateries
474 2044 502 2101 in
513 2061 570 2121 quo
581 2061 690 2122 genere
702 2061 769 2103 esse
780 2043 901 2103 videtur.

141 2136 209 2190 1060
221 2128 413 2204 intemtraque
425 2128 512 2204 igitur
522 2127 591 2186 ferri
602 2137 699 2187 natura
710 2125 802 2187 iocata

224 2213 298 2270 aeris
311 2210 359 2269 uhi
370 2212 484 2289 accepit
497 2210 633 2289 quaedam
645 2209 835 2289 corpuscula,
848 2220 906 2270 tum
918 2211 964 2288 iit,

224 2292 361 2372 inpellant
372 2301 402 2351 ut
412 2311 474 2353 eam
485 2292 632 2371 Magnesia
646 2295 759 2354 domine
771 2312 849 2354 sana.

223 2395 278 2437 neo
291 2386 383 2435 tamen
395 2376 468 2436 haec
479 2378 516 2436 ita
528 2388 593 2437 sunt
604 2376 718 2436 aliarum
729 2395 823 2437 rerum
833 2376 941 2454 aliena,

223 2469 253 2519 ut
264 2459 330 2518 mihi
342 2458 428 2519 muita
440 2476 537 2538 parum
549 2478 658 2538 genere
670 2480 708 2521 ex
719 2461 776 2520 hoc
789 2460 1024 2541 suppeditentur,

139 2555 206 2608 1065
224 2562 296 2622 quae
311 2558 468 2604 memorare
481 2562 581 2622 queam
592 2546 665 2604 inter
676 2544 859 2623 singillariter
869 2554 942 2625 apta.

225 2646 291 2689 sana
301 2626 383 2688 vides
395 2629 513 2707 primum
525 2627 586 2689 sola
603 2629 755 2690 colescere
767 2629 859 2689 eadee.

224 2711 333 2790 glutine
343 2714 477 2772 materies
487 2715 597 2772 taurino
608 2715 733 2792 iungitur
744 2730 817 2791 uno,

223 2805 253 2855 ut
264 2797 333 2856 vitio
343 2814 435 2856 venae
446 2795 600 2857 tabularum
613 2799 727 2876 saepius
739 2797 849 2857 hiscant

224 2897 306 2958 quam
316 2878 412 2940 laxare
424 2889 528 2958 queant
543 2899 698 2960 compages
709 2891 805 2941 taurea
817 2880 920 2942 uincla.

140 2971 208 3027 1010
219 2965 337 3040 vitigeni
348 2962 449 3024 latices
458 2965 539 3043 aquai
550 2964 675 3028 fontibus
687 2965 791 3026 audent

224 3048 357 3124 misceri,
370 3065 433 3106 cum
445 3049 495 3127 pix
506 3059 630 3128 nequeat
642 3052 736 3127 gravis
750 3058 779 3110 et
788 3047 855 3109 leve
868 3047 982 3109 clivom.

223 3147 441 3210 purpureusque
459 3131 540 3193 colos
554 3133 685 3209 conchyli
697 3136 822 3212 iungitur
832 3150 889 3192 uno

224 3231 346 3293 corpore
359 3232 422 3274 cum
434 3215 530 3293 ianae,
543 3217 632 3277 dirimi
644 3220 691 3295 qui
703 3237 759 3279 non
771 3226 857 3297 queso
868 3234 1002 3295 usquam

221 3315 277 3358 non
289 3299 313 3358 si
326 3296 450 3377 Neptuni
463 3300 548 3360 ductu
559 3319 697 3362 renovare
710 3320 825 3381 operam
836 3301 905 3368 des:

139 3389 206 3444 1015
223 3399 278 3442 non
288 3429 296 3461 ‚
308 3401 384 3444 mare
397 3385 421 3444 si
434 3391 521 3443 totum
532 3385 602 3446 velit
616 3384 715 3446 eluere
727 3386 856 3446 omnihus
867 3385 950 3447 undis
