2340 3854
138 157 200 223 174
612 154 653 216 Vl

219 334 248 385 et
260 342 323 385 cum
335 333 464 402 tempora
475 340 508 382 se
520 321 597 381 veris
610 320 738 380 docentia
751 320 883 399 pandunt.

156 418 209 472 350
219 407 326 486 frigore
337 408 412 467 enim
426 404 528 465 desunt
538 405 639 480 ignes,
650 405 785 482 ventique
798 402 894 465 calore

219 491 353 551 deficiunt
363 506 458 567 neque
469 497 533 548 sunt
543 496 600 546 tam
608 485 698 547 denso
710 502 832 565 corpore
844 488 945 550 nubes.

219 582 411 650 interutraque
423 573 509 649 igitur
520 588 584 631 cum
594 568 666 630 caeli
677 580 806 648 tempora
817 581 965 650 constant,

220 667 277 717 tum
288 657 382 716 variae
398 673 501 716 causae
516 663 686 714 concurrunt
698 652 820 714 fulminis
831 670 945 716 omnes:

219 757 282 800 nam
293 739 383 800 fretus
394 740 458 817 ipse
472 739 535 797 anni
545 737 701 816 permiscet
712 736 802 814 frigus
813 745 841 798 et
850 747 979 817 aestum,

156 833 208 888 355
221 839 339 902 quorum
350 831 499 899 utrumque
511 838 584 898 opus
595 829 641 880 est
652 819 813 881 fabricanda
824 820 859 881 ad
869 821 986 884 fulmina
994 824 1084 899 nubi,

220 916 250 965 ut
262 905 403 967 discordia
412 907 452 964 cit
463 922 557 964 rerum
566 920 725 982 magnoque
741 903 859 963 tumultu

220 990 332 1066 ignibus
348 996 377 1048 et
388 990 481 1048 ventis
492 986 658 1047 furibundus
669 987 787 1047 fluctuet
798 993 857 1047 abr.

220 1074 308 1152 prima
320 1071 423 1132 caloris
439 1073 513 1131 enim
524 1088 590 1149 pars
602 1071 626 1130 si
637 1080 683 1130 est
694 1079 838 1149 postrema
848 1073 970 1150 rigoris,

222 1167 332 1234 tempus
344 1155 372 1215 id
384 1165 574 1229 catomum,
586 1171 644 1231 quo
655 1171 702 1214 res
714 1172 841 1232 pugnare
851 1167 1005 1218 necessest

155 1249 207 1302 370
222 1237 364 1300 dissimilis
376 1240 449 1298 inter
464 1256 531 1298 scce
543 1237 714 1315 turbareque
725 1239 840 1300 mixtas:

222 1333 251 1383 et
262 1321 341 1384 calor
352 1332 496 1382 extremus
508 1322 598 1399 primo
611 1339 675 1380 cum
685 1320 793 1397 frigore
804 1323 906 1382 mixtus

219 1406 360 1483 volvitur,
371 1407 492 1465 autumni
504 1403 580 1484 quod
591 1403 681 1465 fertur
690 1407 801 1464 nominc
814 1414 942 1487 tempus,

221 1489 267 1550 bic
278 1507 392 1569 quoque
404 1488 558 1564 confligunt
568 1487 678 1548 hiemes
688 1489 843 1550 aestatibus
854 1506 947 1551 acres.

221 1581 374 1652 propterea
382 1572 466 1650 freto
477 1581 542 1632 sunt
552 1571 625 1632 baec
636 1572 699 1631 anni
709 1571 913 1651 commitenda,

157 1665 207 1720 315
221 1675 275 1717 nec
287 1658 428 1732 mirumst,
439 1656 467 1714 in
479 1672 515 1714 eo
527 1656 552 1716 si
561 1664 691 1733 tempore
703 1654 821 1734 plurima
832 1656 900 1717 liunt

219 1740 333 1799 fulmina
347 1746 559 1817 tempestasque
572 1741 663 1798 cietur
673 1739 782 1799 turbida
794 1738 893 1817 eaelo,

219 1824 333 1901 ancipiti
345 1824 474 1900 qnoniam
485 1820 564 1882 bello
574 1822 700 1882 tmbatur
710 1824 867 1902 utrimque,

220 1905 284 1967 binc
294 1906 427 1983 dammis,
439 1903 516 1964 illinc
529 1907 637 1982 ventis,
649 1923 804 1985 umoreque
815 1908 912 1967 mixto.

260 1989 323 2050 lloc
335 2000 380 2051 est
390 1989 503 2066 igniferi
514 1999 638 2048 naturam
648 1988 770 2051 fulminis
781 1993 870 2070 ipsam

156 2085 208 2139 380
219 2076 385 2154 perspicere
399 2083 494 2151 etqua
504 2075 531 2132 vi
542 2072 626 2133 faciat
637 2093 697 2134 rem
708 2092 848 2153 quamque
859 2073 978 2154 ridere,

220 2177 276 2218 non
287 2157 432 2233 Tyrrhena
442 2167 520 2217 retro
532 2155 695 2218 volventem
707 2160 828 2217 carmina
838 2156 942 2219 frustra

219 2242 320 2301 indicia
331 2239 462 2301 occultae
474 2239 567 2300 dirum
580 2243 745 2320 perquirere
757 2243 876 2319 mentis,

217 2326 291 2385 unde
304 2324 402 2384 volans
413 2326 486 2401 iguis
499 2327 662 2402 pervenerit
673 2333 720 2383 aut
733 2327 761 2384 in
777 2335 866 2385 utram
876 2344 911 2386 se

219 2409 336 2468 verterit
348 2408 413 2467 binc
425 2408 541 2485 partim,
554 2425 611 2485 quo
622 2418 707 2486 pacto
720 2426 773 2487 per
784 2407 850 2469 loca
863 2416 963 2488 saepta

156 2501 207 2555 385
218 2493 379 2567 insinuarit,
391 2499 420 2550 et
431 2491 497 2550 binc
508 2489 664 2552 dominatus
676 2500 706 2550 ut
718 2491 852 2553 extulerit
863 2511 913 2569 se,

219 2575 322 2655 quidve
332 2592 439 2635 nocere
451 2583 535 2654 queat
546 2574 581 2635 de
593 2574 674 2635 caelo
685 2574 808 2638 fulminis
819 2577 903 2636 ictus.

218 2658 330 2739 quodsi
342 2658 471 2737 Iuppiter
481 2668 566 2736 atque
578 2658 624 2718 alii
636 2659 774 2736 fulgentia
785 2659 842 2720 diri

218 2744 343 2804 terrifico
354 2745 479 2821 quatiunt
493 2744 586 2802 souitu
602 2742 737 2803 caelestia
748 2742 853 2822 templa

218 2837 248 2888 et
259 2830 362 2887 iaciunt
373 2829 468 2904 ignem
479 2844 536 2904 quo
548 2828 679 2904 cuiquest
693 2846 814 2905 cumque
825 2825 976 2905 voluptas,

157 2920 209 2973 300
221 2931 271 2972 cur
281 2912 383 2990 quibus
395 2913 536 2970 incautum
546 2908 644 2971 scelus
656 2910 814 2971 aversabile
830 2918 983 2989 cumquest

217 3012 274 3055 non
285 2996 390 3055 faciunt
400 2995 449 3054 icti
462 2993 583 3055 dammas
595 3005 625 3054 ut
636 2993 756 3071 fulguris
767 2993 863 3054 halent

217 3088 336 3157 pectore
348 3079 474 3157 porfiro,
488 3079 627 3139 documen
640 3077 804 3138 mortalibus
815 3095 900 3155 acre,

218 3172 247 3223 ct
259 3164 353 3240 potius
368 3161 443 3222 nulla
454 3162 508 3223 sibi
519 3164 594 3240 turpi
606 3164 739 3223 conscius
750 3163 777 3220 in
790 3181 822 3221 re

217 3245 340 3306 volvitur
351 3248 379 3305 in
390 3246 505 3307 dammis
517 3248 648 3306 innoxius
659 3247 744 3325 inque
756 3245 869 3323 peditur

152 3337 203 3392 395
218 3330 329 3390 turbine
341 3327 459 3390 caelesti
470 3331 565 3390 subito
577 3339 725 3408 correptus
737 3339 766 3388 et
777 3324 856 3405 igni?

219 3431 269 3474 cur
281 3415 364 3473 etiam
375 3410 438 3473 loca
450 3412 511 3473 sola
523 3423 621 3492 petunt
633 3413 792 3492 frustraque
803 3406 952 3472 laboranti
