2340 3922
545 201 584 264 lv

91 377 142 434 750
154 367 314 432 Centauros
324 370 424 450 itaque
433 379 463 433 et
476 368 639 446 Scyllarum
648 369 773 432 membra
783 369 935 449 videnum

155 451 374 533 Cerbereasque
388 471 487 515 cunum
498 453 605 534 iacies,
617 453 825 536 simulacraque
838 472 937 516 eorum

155 555 274 617 quorum
284 547 376 598 morte
387 539 468 599 elsits
479 536 566 600 tellus
580 538 761 618 amplectitur
773 556 855 608 essm
897 569 899 572 ⁴

156 639 239 682 omne
254 639 346 700 genus
359 623 491 700 queniam
502 624 608 700 pssum
619 622 924 702 simillumarum,

153 707 255 786 partim
265 715 369 784 sponte
380 723 432 766 sua
446 716 518 783 quae
531 705 677 765 liuntaire
692 707 815 784 inipso,

91 797 143 853 735
155 791 257 870 partim
269 807 342 868 quae
352 789 437 848 variis
448 787 484 848 ab
496 787 582 848 nebus
594 805 716 867 cumque
727 788 866 849 mesdunt

155 881 184 935 et
195 890 268 953 qnae
281 871 406 932 confiunt
416 889 455 931 ex
466 869 565 931 horum
575 872 651 932 lacta
660 873 769 950 liguris.

155 974 218 1017 narn
232 964 316 1038 certe
325 972 363 1015 ex
372 957 439 1016 vire
449 949 585 1016 Centauri
596 973 653 1016 non
665 957 696 1016 it
707 957 818 1034 image,
911 968 913 972 “

155 1040 232 1100 nulla
243 1038 295 1100 luit
306 1040 438 1118 quoniam
450 1037 515 1100 talis
525 1048 623 1100 natura
635 1039 777 1101 animalis:

155 1142 254 1185 verum
265 1123 313 1183 uhi
324 1125 391 1202 eqni
404 1141 472 1184 casu
483 1132 568 1202 atque
579 1123 699 1184 hominis
711 1126 846 1185 convenit
859 1127 969 1204 imago,

92 1217 145 1273 llo
155 1208 299 1270 haerescit
311 1206 396 1268 laeile
412 1206 573 1286 extemplo,
586 1206 663 1286 quod
674 1206 793 1267 <linimus
806 1218 889 1285 ante,

156 1301 276 1371 prepter
286 1290 419 1352 subtilem
433 1300 559 1351 naturam
571 1301 601 1350 et
614 1292 709 1350 tenvia
719 1298 805 1351 texta.

99 1387 102 1390 ’
157 1385 256 1436 cetera
270 1374 306 1434 de
321 1392 430 1451 genere
441 1373 498 1434 lrnc
511 1373 611 1433 eadem
620 1375 729 1434 ratione
743 1384 881 1434 creantur.

157 1477 230 1539 quae
244 1476 308 1519 cum
319 1457 463 1518 mobiliter
473 1473 580 1518 summa
591 1456 708 1518 levitate
720 1457 864 1536 feruntur,

156 1552 187 1604 ut
200 1545 278 1622 prius
290 1541 418 1620 ostendi,
431 1539 517 1602 facile
531 1558 587 1601 une
599 1550 760 1603 commoret
770 1543 829 1604 ictu

93 1637 145 1694 745
157 1627 301 1707 quaelibet
313 1643 368 1686 nna
378 1629 498 1686 animum
508 1625 590 1687 celsis
602 1625 715 1687 subtilis
727 1627 836 1705 image:

159 1714 251 1774 tenvis
264 1714 338 1773 enim
348 1729 429 1772 mens
441 1721 487 1774 est
498 1720 528 1772 et
538 1711 609 1771 mire
619 1709 732 1772 nobilis
745 1712 816 1791 ipsa.

199 1795 279 1857 Haec
292 1796 353 1858 lieri
364 1805 395 1856 nt
405 1811 550 1872 memore,
561 1794 646 1857 facile
658 1796 724 1856 hine
737 1813 917 1874 cognoscere
931 1799 1037 1877 possis.

159 1890 298 1959 quatenns
309 1881 367 1941 lnce
378 1879 471 1941 simile
483 1890 529 1942 est
541 1879 599 1957 illi,
612 1880 688 1960 quod
700 1889 795 1941 mente
806 1881 935 1942 videmus

158 1973 243 2044 atque
255 1963 364 2042 eculin,
376 1964 459 2025 simili
471 1964 532 2024 lieri
545 1967 654 2024 ratione
665 1983 789 2025 necesse
803 1975 858 2026 est

96 2055 150 2112 750
160 2066 234 2108 nunc
245 2049 332 2125 igitur
343 2049 473 2126 quoniam
485 2048 569 2107 docui
580 2064 625 2107 me
639 2048 713 2107 lorte
725 2047 839 2108 leonem

161 2149 281 2192 cernere
294 2148 349 2210 per
359 2130 526 2206 simulacra,
538 2129 639 2191 oculos
651 2147 847 2210 quaecumque
860 2130 1023 2210 lacessunt,

160 2217 237 2278 seire
248 2213 318 2275 licet
328 2223 452 2274 mentem
463 2213 546 2274 simili
557 2215 664 2274 ratione
676 2215 801 2290 moveri,

160 2317 214 2379 per
224 2297 373 2359 simulacra
387 2297 501 2359 leonem
512 2306 542 2359 et
554 2306 652 2358 cetera
664 2316 736 2378 quae
748 2299 826 2360 ridet
838 2316 929 2378 aeque

161 2401 217 2443 nec
229 2384 319 2444 minus
331 2392 419 2462 atque
429 2380 524 2459 oculi,
537 2383 591 2442 nisi
603 2383 679 2461 quod
691 2400 774 2462 mage
786 2384 881 2444 tenvia
893 2385 992 2444 cernit.

98 2474 150 2530 755
161 2485 217 2527 nec
226 2468 335 2528 ratione
349 2466 420 2545 alia,
434 2484 498 2528 cum
510 2483 625 2528 anninus
635 2468 760 2528 membra
771 2467 913 2548 proludit,

160 2568 241 2610 mens
252 2553 335 2610 enimi
345 2551 461 2629 vigilat,
476 2552 530 2612 nisi
543 2550 619 2629 qnod
630 2552 780 2612 simulacra
791 2551 937 2612 lacessunt

161 2633 233 2694 lraee
245 2634 345 2693 eadem
355 2646 471 2695 nestros
484 2637 591 2696 animos
606 2645 678 2713 qnae
691 2653 755 2696 eum
765 2635 931 2714 vigilamus,

162 2734 254 2794 usque
268 2717 359 2794 adeo,
373 2727 453 2777 certe
464 2727 495 2778 nt
505 2717 651 2777 videamur
661 2736 782 2778 cernere
793 2737 857 2778 eum
871 2736 956 2795 quem

163 2800 276 2861 rellicta
287 2801 344 2860 vita
355 2802 408 2860 iam
419 2817 495 2860 mors
506 2809 536 2860 et
546 2809 622 2860 terra
632 2803 758 2879 potitust.

98 2894 151 2951 760
163 2885 220 2946 lroc
230 2883 296 2944 ideo
308 2884 369 2944 lieri
384 2886 462 2962 cogit
473 2893 587 2962 natura,
600 2883 676 2963 qnod
689 2901 788 2944 omnes

165 2970 294 3049 corporis
307 2969 406 3030 clienti
419 2985 521 3030 sermm
533 2985 587 3048 per
596 2968 722 3030 membra
733 2968 885 3046 quieseunt

163 3072 218 3115 nec
230 3062 351 3132 possunt
364 3051 466 3114 laisum
475 3054 553 3114 veris
566 3055 738 3113 convincere
749 3051 846 3110 rebus.

163 3147 314 3218 praeterea
324 3139 488 3201 meminisse
497 3139 573 3198 iacet
585 3137 759 3216 languetque
775 3151 901 3214 sapere,

164 3240 220 3284 nec
232 3222 363 3286 dissentit
375 3238 439 3283 eum
450 3223 549 3283 mortis
559 3220 668 3300 letique
683 3221 804 3300 potitum

102 3313 153 3370 765
164 3307 219 3366 iarn
228 3307 355 3386 pridem,
371 3325 456 3388 quem
467 3325 547 3368 mens
558 3307 653 3366 vivom
663 3322 697 3366 se
709 3321 830 3365 cernere
843 3302 942 3364 credit.

165 3390 243 3469 quoi
254 3401 405 3471 superest,
417 3409 474 3452 nnn
485 3399 531 3452 est
540 3391 640 3450 mirum
650 3387 800 3451 simulacra
810 3387 919 3448 moueri

166 3473 552 3555 bracchiaqueinanmerum
561 3475 666 3536 iactare
678 3483 708 3537 et
720 3483 816 3535 cetera
827 3442 1090 3643 membres
1093 3448 1095 3451 V

910 3632 936 3707 J*

875 3738 903 3807 ,ἰ
