<?xml version="1.0" encoding="UTF-8"?>
<!DOCTYPE html PUBLIC "-//W3C//DTD XHTML 1.0 Transitional//EN"
    "http://www.w3.org/TR/xhtml1/DTD/xhtml1-transitional.dtd">
<html xmlns="http://www.w3.org/1999/xhtml" xml:lang="en" lang="en">
 <head>
  <title>
</title>
<meta http-equiv="Content-Type" content="text/html;charset=utf-8" />
  <meta name='ocr-system' content='tesseract 3.04.00' />
  <meta name='ocr-capabilities' content='ocr_page ocr_carea ocr_par ocr_line ocrx_word'/>
</head>
<body>
  <div class='ocr_page' id='page_1' title='image "./dererumnaturali05carugoog_0195.png"; bbox 0 0 2340 3854; ppageno 0'>
   <div class='ocr_carea' id='block_1_1' title="bbox 138 148 659 214">
    <p class='ocr_par' dir='ltr' id='par_1_1' title="bbox 138 148 659 214">
     <span class='ocr_line' id='line_1_1' title="bbox 138 148 659 214; baseline -0.012 0"><span class='ocrx_word' id='word_1_1' title='bbox 138 150 200 214; x_wconf 80' lang='lat'><strong>180</strong></span> <span class='ocrx_word' id='word_1_2' title='bbox 620 148 659 208; x_wconf 84' lang='lat' dir='ltr'><strong>Vl</strong></span> 
     </span>
    </p>
   </div>
   <div class='ocr_carea' id='block_1_2' title="bbox 156 315 1035 3246">
    <p class='ocr_par' dir='ltr' id='par_1_2' title="bbox 218 315 944 563">
     <span class='ocr_line' id='line_1_2' title="bbox 220 315 854 379; baseline -0.005 -1"><span class='ocrx_word' id='word_1_3' title='bbox 220 318 357 379; x_wconf 75' lang='lat' dir='ltr'><strong>disturbat</strong></span> <span class='ocrx_word' id='word_1_4' title='bbox 368 317 456 379; x_wconf 88' lang='lat' dir='ltr'><strong>urbes</strong></span> <span class='ocrx_word' id='word_1_5' title='bbox 467 325 497 378; x_wconf 85' lang='lat' dir='ltr'><strong>ct</strong></span> <span class='ocrx_word' id='word_1_6' title='bbox 506 326 601 378; x_wconf 90' lang='lat' dir='ltr'><strong>terrae</strong></span> <span class='ocrx_word' id='word_1_7' title='bbox 612 325 707 377; x_wconf 88' lang='lat' dir='ltr'><strong>motus</strong></span> <span class='ocrx_word' id='word_1_8' title='bbox 719 315 854 375; x_wconf 88' lang='lat' dir='ltr'><strong>obortus:</strong></span> 
     </span>
     <span class='ocr_line' id='line_1_3' title="bbox 218 399 944 481; baseline -0.003 -20"><span class='ocrx_word' id='word_1_9' title='bbox 218 401 365 481; x_wconf 89' lang='lat' dir='ltr'><strong>multaque</strong></span> <span class='ocrx_word' id='word_1_10' title='bbox 375 410 526 481; x_wconf 88' lang='lat' dir='ltr'><strong>praeterea</strong></span> <span class='ocrx_word' id='word_1_11' title='bbox 537 401 703 461; x_wconf 86' lang='lat' dir='ltr'><strong>ceciderunt</strong></span> <span class='ocrx_word' id='word_1_12' title='bbox 713 400 824 460; x_wconf 88' lang='lat' dir='ltr'><strong>moenia</strong></span> <span class='ocrx_word' id='word_1_13' title='bbox 833 399 944 477; x_wconf 72' lang='lat' dir='ltr'><strong>magnis</strong></span> 
     </span>
     <span class='ocr_line' id='line_1_4' title="bbox 219 482 933 563; baseline -0.006 -18"><span class='ocrx_word' id='word_1_14' title='bbox 219 486 342 545; x_wconf 89' lang='lat' dir='ltr'><strong>motibus</strong></span> <span class='ocrx_word' id='word_1_15' title='bbox 353 487 381 544; x_wconf 92' lang='lat' dir='ltr'><strong>iu</strong></span> <span class='ocrx_word' id='word_1_16' title='bbox 391 486 494 562; x_wconf 81' lang='lat' dir='ltr'><strong>tenir,</strong></span> <span class='ocrx_word' id='word_1_17' title='bbox 506 493 536 545; x_wconf 91' lang='lat' dir='ltr'><strong>et</strong></span> <span class='ocrx_word' id='word_1_18' title='bbox 546 482 650 544; x_wconf 87' lang='lat' dir='ltr'><strong>multae</strong></span> <span class='ocrx_word' id='word_1_19' title='bbox 661 501 716 563; x_wconf 87' lang='lat' dir='ltr'><strong>per</strong></span> <span class='ocrx_word' id='word_1_20' title='bbox 725 500 803 543; x_wconf 86' lang='lat' dir='ltr'><strong>mare</strong></span> <span class='ocrx_word' id='word_1_21' title='bbox 815 500 933 562; x_wconf 82' lang='lat' dir='ltr'><strong>pessum</strong></span> 
     </span>
    </p>

    <p class='ocr_par' dir='ltr' id='par_1_3' title="bbox 156 566 985 983">
     <span class='ocr_line' id='line_1_5' title="bbox 156 566 877 647; baseline -0.011 -12"><span class='ocrx_word' id='word_1_22' title='bbox 156 578 209 635; x_wconf 80' lang='lat'><strong>590</strong></span> <span class='ocrx_word' id='word_1_23' title='bbox 220 566 379 631; x_wconf 75' lang='lat' dir='ltr'>subsedere</span> <span class='ocrx_word' id='word_1_24' title='bbox 392 570 452 629; x_wconf 89' lang='lat' dir='ltr'><strong>suis</strong></span> <span class='ocrx_word' id='word_1_25' title='bbox 463 569 569 647; x_wconf 87' lang='lat' dir='ltr'><strong>pariter</strong></span> <span class='ocrx_word' id='word_1_26' title='bbox 581 585 646 629; x_wconf 90' lang='lat' dir='ltr'><strong>cum</strong></span> <span class='ocrx_word' id='word_1_27' title='bbox 657 567 768 627; x_wconf 76' lang='lat' dir='ltr'><strong>civibus</strong></span> <span class='ocrx_word' id='word_1_28' title='bbox 779 567 877 627; x_wconf 87' lang='lat' dir='ltr'><strong>nrbes.</strong></span> 
     </span>
     <span class='ocr_line' id='line_1_6' title="bbox 220 650 985 732; baseline -0.003 -20"><span class='ocrx_word' id='word_1_29' title='bbox 220 650 297 732; x_wconf 92' lang='lat' dir='ltr'><strong>quod</strong></span> <span class='ocrx_word' id='word_1_30' title='bbox 308 653 363 712; x_wconf 88' lang='lat' dir='ltr'><strong>nisi</strong></span> <span class='ocrx_word' id='word_1_31' title='bbox 374 654 550 731; x_wconf 73' lang='lat' dir='ltr'><strong>prorumpit,</strong></span> <span class='ocrx_word' id='word_1_32' title='bbox 568 661 662 712; x_wconf 89' lang='lat' dir='ltr'><strong>tamen</strong></span> <span class='ocrx_word' id='word_1_33' title='bbox 672 652 796 730; x_wconf 89' lang='lat' dir='ltr'><strong>impetus</strong></span> <span class='ocrx_word' id='word_1_34' title='bbox 809 652 875 729; x_wconf 88' lang='lat' dir='ltr'><strong>ipse</strong></span> <span class='ocrx_word' id='word_1_35' title='bbox 886 651 985 710; x_wconf 84' lang='lat' dir='ltr'><strong>animai</strong></span> 
     </span>
     <span class='ocr_line' id='line_1_7' title="bbox 221 734 903 814; baseline -0.001 -18"><span class='ocrx_word' id='word_1_36' title='bbox 221 746 250 797; x_wconf 89' lang='lat' dir='ltr'><strong>et</strong></span> <span class='ocrx_word' id='word_1_37' title='bbox 265 735 326 796; x_wconf 84' lang='lat' dir='ltr'><strong>iera</strong></span> <span class='ocrx_word' id='word_1_38' title='bbox 336 737 380 796; x_wconf 83' lang='lat' dir='ltr'><strong>vis</strong></span> <span class='ocrx_word' id='word_1_39' title='bbox 391 737 469 797; x_wconf 89' lang='lat' dir='ltr'><strong>venti</strong></span> <span class='ocrx_word' id='word_1_40' title='bbox 481 753 534 814; x_wconf 88' lang='lat' dir='ltr'><strong>per</strong></span> <span class='ocrx_word' id='word_1_41' title='bbox 548 736 650 796; x_wconf 89' lang='lat' dir='ltr'><strong>erebra</strong></span> <span class='ocrx_word' id='word_1_42' title='bbox 661 734 798 794; x_wconf 77' lang='lat' dir='ltr'><strong>foramina</strong></span> <span class='ocrx_word' id='word_1_43' title='bbox 808 744 903 795; x_wconf 89' lang='lat' dir='ltr'><strong>terrae</strong></span> 
     </span>
     <span class='ocr_line' id='line_1_8' title="bbox 222 817 952 898; baseline -0.004 -18"><span class='ocrx_word' id='word_1_44' title='bbox 222 820 389 898; x_wconf 79' lang='lat' dir='ltr'><strong>dispertitur</strong></span> <span class='ocrx_word' id='word_1_45' title='bbox 399 829 429 879; x_wconf 92' lang='lat' dir='ltr'><strong>ut</strong></span> <span class='ocrx_word' id='word_1_46' title='bbox 438 819 540 880; x_wconf 87' lang='lat' dir='ltr'><strong>horror</strong></span> <span class='ocrx_word' id='word_1_47' title='bbox 551 829 581 880; x_wconf 91' lang='lat' dir='ltr'><strong>et</strong></span> <span class='ocrx_word' id='word_1_48' title='bbox 592 820 693 880; x_wconf 88' lang='lat' dir='ltr'><strong>incutit</strong></span> <span class='ocrx_word' id='word_1_49' title='bbox 705 817 772 878; x_wconf 90' lang='lat' dir='ltr'><strong>iude</strong></span> <span class='ocrx_word' id='word_1_50' title='bbox 783 827 952 886; x_wconf 71' lang='lat' dir='ltr'><strong>tremorem</strong></span> 
     </span>
     <span class='ocr_line' id='line_1_9' title="bbox 219 903 933 983; baseline 0.001 -21"><span class='ocrx_word' id='word_1_51' title='bbox 219 903 310 981; x_wconf 76' lang='lat' dir='ltr'><strong>frigus</strong></span> <span class='ocrx_word' id='word_1_52' title='bbox 324 905 363 962; x_wconf 93' lang='lat' dir='ltr'><strong>uti</strong></span> <span class='ocrx_word' id='word_1_53' title='bbox 379 913 494 964; x_wconf 86' lang='lat' dir='ltr'><strong>nostros</strong></span> <span class='ocrx_word' id='word_1_54' title='bbox 505 905 619 983; x_wconf 88' lang='lat' dir='ltr'><strong>penitus</strong></span> <span class='ocrx_word' id='word_1_55' title='bbox 633 920 697 963; x_wconf 90' lang='lat' dir='ltr'><strong>cum</strong></span> <span class='ocrx_word' id='word_1_56' title='bbox 707 904 786 962; x_wconf 87' lang='lat' dir='ltr'><strong>venit</strong></span> <span class='ocrx_word' id='word_1_57' title='bbox 797 903 826 961; x_wconf 94' lang='lat' dir='ltr'><strong>in</strong></span> <span class='ocrx_word' id='word_1_58' title='bbox 837 911 933 980; x_wconf 87' lang='lat' dir='ltr'><strong>artus,</strong></span> 
     </span>
    </p>

    <p class='ocr_par' dir='ltr' id='par_1_4' title="bbox 158 988 973 1401">
     <span class='ocr_line' id='line_1_10' title="bbox 158 988 962 1065; baseline -0.009 -14"><span class='ocrx_word' id='word_1_59' title='bbox 158 997 209 1051; x_wconf 84' lang='grc'><strong>595</strong></span> <span class='ocrx_word' id='word_1_60' title='bbox 222 988 349 1048; x_wconf 80' lang='lat' dir='ltr'><strong>concutit</strong></span> <span class='ocrx_word' id='word_1_61' title='bbox 360 988 465 1048; x_wconf 82' lang='lat' dir='ltr'><strong>invitus</strong></span> <span class='ocrx_word' id='word_1_62' title='bbox 477 1003 588 1065; x_wconf 74' lang='lat' dir='ltr'><strong>cogens</strong></span> <span class='ocrx_word' id='word_1_63' title='bbox 599 997 724 1047; x_wconf 89' lang='lat' dir='ltr'><strong>tremere</strong></span> <span class='ocrx_word' id='word_1_64' title='bbox 735 995 823 1064; x_wconf 91' lang='lat' dir='ltr'><strong>atque</strong></span> <span class='ocrx_word' id='word_1_65' title='bbox 834 1003 962 1046; x_wconf 83' lang='lat' dir='ltr'><strong>movere.</strong></span> 
     </span>
     <span class='ocr_line' id='line_1_11' title="bbox 221 1069 884 1150; baseline 0.002 -20"><span class='ocrx_word' id='word_1_66' title='bbox 221 1071 337 1149; x_wconf 87' lang='lat' dir='ltr'><strong>ancipiti</strong></span> <span class='ocrx_word' id='word_1_67' title='bbox 348 1070 489 1150; x_wconf 87' lang='lat' dir='ltr'><strong>trepidant</strong></span> <span class='ocrx_word' id='word_1_68' title='bbox 500 1072 587 1148; x_wconf 76' lang='lat' dir='ltr'><strong>igitur</strong></span> <span class='ocrx_word' id='word_1_69' title='bbox 597 1080 709 1131; x_wconf 90' lang='lat' dir='ltr'><strong>terrore</strong></span> <span class='ocrx_word' id='word_1_70' title='bbox 723 1088 778 1149; x_wconf 88' lang='lat' dir='ltr'><strong>per</strong></span> <span class='ocrx_word' id='word_1_71' title='bbox 788 1069 884 1147; x_wconf 85' lang='lat' dir='ltr'><strong>urbis,</strong></span> 
     </span>
     <span class='ocr_line' id='line_1_12' title="bbox 221 1152 973 1233; baseline 0.001 -20"><span class='ocrx_word' id='word_1_72' title='bbox 221 1164 298 1214; x_wconf 87' lang='lat' dir='ltr'><strong>tecta</strong></span> <span class='ocrx_word' id='word_1_73' title='bbox 309 1172 434 1233; x_wconf 84' lang='lat' dir='ltr'><strong>superne</strong></span> <span class='ocrx_word' id='word_1_74' title='bbox 445 1156 561 1233; x_wconf 89' lang='lat' dir='ltr'><strong>timent,</strong></span> <span class='ocrx_word' id='word_1_75' title='bbox 573 1161 702 1215; x_wconf 90' lang='lat' dir='ltr'><strong>metuunt</strong></span> <span class='ocrx_word' id='word_1_76' title='bbox 712 1152 824 1214; x_wconf 83' lang='lat' dir='ltr'><strong>inferne</strong></span> <span class='ocrx_word' id='word_1_77' title='bbox 836 1170 973 1214; x_wconf 81' lang='lat' dir='ltr'><strong>cavernas</strong></span> 
     </span>
     <span class='ocr_line' id='line_1_13' title="bbox 221 1237 763 1317; baseline -0.002 -19"><span class='ocrx_word' id='word_1_78' title='bbox 221 1240 306 1298; x_wconf 87' lang='lat' dir='ltr'><strong>terrai</strong></span> <span class='ocrx_word' id='word_1_79' title='bbox 318 1257 354 1298; x_wconf 90' lang='lat' dir='ltr'><strong>ue</strong></span> <span class='ocrx_word' id='word_1_80' title='bbox 367 1237 504 1299; x_wconf 88' lang='lat' dir='ltr'><strong>dissoluat</strong></span> <span class='ocrx_word' id='word_1_81' title='bbox 515 1247 613 1299; x_wconf 87' lang='lat' dir='ltr'><strong>natura</strong></span> <span class='ocrx_word' id='word_1_82' title='bbox 623 1247 745 1317; x_wconf 87' lang='lat' dir='ltr'><strong>repente</strong></span> <span class='ocrx_word' id='word_1_83' title='bbox 755 1283 763 1313; x_wconf 83' lang='lat'>,</span> 
     </span>
     <span class='ocr_line' id='line_1_14' title="bbox 221 1321 861 1401; baseline 0 -21"><span class='ocrx_word' id='word_1_84' title='bbox 221 1341 278 1381; x_wconf 91' lang='lat' dir='ltr'><strong>neu</strong></span> <span class='ocrx_word' id='word_1_85' title='bbox 290 1322 425 1383; x_wconf 90' lang='lat' dir='ltr'><strong>distracta</strong></span> <span class='ocrx_word' id='word_1_86' title='bbox 436 1341 519 1383; x_wconf 89' lang='lat' dir='ltr'><strong>suum</strong></span> <span class='ocrx_word' id='word_1_87' title='bbox 525 1322 583 1383; x_wconf 89' lang='lat' dir='ltr'><strong>late</strong></span> <span class='ocrx_word' id='word_1_88' title='bbox 595 1321 742 1401; x_wconf 89' lang='lat' dir='ltr'><strong>dispandat</strong></span> <span class='ocrx_word' id='word_1_89' title='bbox 755 1321 861 1381; x_wconf 87' lang='lat' dir='ltr'><strong>hiatum</strong></span> 
     </span>
    </p>

    <p class='ocr_par' dir='ltr' id='par_1_5' title="bbox 156 1404 990 1569">
     <span class='ocr_line' id='line_1_15' title="bbox 156 1404 862 1484; baseline -0.008 -14"><span class='ocrx_word' id='word_1_90' title='bbox 156 1416 208 1470; x_wconf 85' lang='lat'><strong>600</strong></span> <span class='ocrx_word' id='word_1_91' title='bbox 219 1415 303 1484; x_wconf 90' lang='lat' dir='ltr'><strong>atque</strong></span> <span class='ocrx_word' id='word_1_92' title='bbox 314 1407 374 1467; x_wconf 90' lang='lat' dir='ltr'><strong>suis</strong></span> <span class='ocrx_word' id='word_1_93' title='bbox 390 1406 509 1467; x_wconf 80' lang='lat' dir='ltr'><strong>confusa</strong></span> <span class='ocrx_word' id='word_1_94' title='bbox 520 1405 591 1467; x_wconf 86' lang='lat' dir='ltr'><strong>velit</strong></span> <span class='ocrx_word' id='word_1_95' title='bbox 606 1404 753 1484; x_wconf 87' lang='lat' dir='ltr'><strong>complere</strong></span> <span class='ocrx_word' id='word_1_96' title='bbox 764 1406 862 1464; x_wconf 88' lang='lat' dir='ltr'><strong>ruinis.</strong></span> 
     </span>
     <span class='ocr_line' id='line_1_16' title="bbox 220 1488 990 1569; baseline 0.001 -22"><span class='ocrx_word' id='word_1_97' title='bbox 220 1488 340 1567; x_wconf 88' lang='lat' dir='ltr'><strong>proinde</strong></span> <span class='ocrx_word' id='word_1_98' title='bbox 352 1488 422 1550; x_wconf 88' lang='lat' dir='ltr'><strong>lieet</strong></span> <span class='ocrx_word' id='word_1_99' title='bbox 437 1492 563 1569; x_wconf 86' lang='lat' dir='ltr'><strong>quamvis</strong></span> <span class='ocrx_word' id='word_1_100' title='bbox 579 1490 690 1552; x_wconf 87' lang='lat' dir='ltr'><strong>eaelum</strong></span> <span class='ocrx_word' id='word_1_101' title='bbox 701 1498 863 1569; x_wconf 90' lang='lat' dir='ltr'><strong>terramque</strong></span> <span class='ocrx_word' id='word_1_102' title='bbox 874 1496 990 1549; x_wconf 88' lang='lat' dir='ltr'><strong>reantur</strong></span> 
     </span>
    </p>

    <p class='ocr_par' dir='ltr' id='par_1_6' title="bbox 164 1571 987 1821">
     <span class='ocr_line' id='line_1_17' title="bbox 164 1571 859 1650; baseline 0.003 -19"><span class='ocrx_word' id='word_1_103' title='bbox 164 1582 167 1587; x_wconf 73' lang='grc'>’</span> <span class='ocrx_word' id='word_1_104' title='bbox 222 1575 387 1650; x_wconf 88' lang='lat' dir='ltr'><strong>incorrupta</strong></span> <span class='ocrx_word' id='word_1_105' title='bbox 400 1574 464 1635; x_wconf 84' lang='lat' dir='ltr'><strong>iore</strong></span> <span class='ocrx_word' id='word_1_106' title='bbox 476 1582 611 1635; x_wconf 85' lang='lat' dir='ltr'><strong>aeternae</strong></span> <span class='ocrx_word' id='word_1_107' title='bbox 621 1573 749 1634; x_wconf 87' lang='lat' dir='ltr'><strong>mandata</strong></span> <span class='ocrx_word' id='word_1_108' title='bbox 760 1571 859 1634; x_wconf 86' lang='lat' dir='ltr'><strong>saluti:</strong></span> 
     </span>
     <span class='ocr_line' id='line_1_18' title="bbox 222 1655 902 1737; baseline 0 -21"><span class='ocrx_word' id='word_1_109' title='bbox 222 1665 252 1716; x_wconf 90' lang='lat' dir='ltr'><strong>et</strong></span> <span class='ocrx_word' id='word_1_110' title='bbox 263 1666 356 1716; x_wconf 85' lang='lat' dir='ltr'><strong>tamen</strong></span> <span class='ocrx_word' id='word_1_111' title='bbox 367 1658 507 1718; x_wconf 88' lang='lat' dir='ltr'><strong>interdurn</strong></span> <span class='ocrx_word' id='word_1_112' title='bbox 518 1676 657 1737; x_wconf 88' lang='lat' dir='ltr'><strong>praesens</strong></span> <span class='ocrx_word' id='word_1_113' title='bbox 668 1659 712 1719; x_wconf 83' lang='lat' dir='ltr'><strong>vis</strong></span> <span class='ocrx_word' id='word_1_114' title='bbox 723 1659 786 1736; x_wconf 93' lang='lat' dir='ltr'><strong>ipsa</strong></span> <span class='ocrx_word' id='word_1_115' title='bbox 797 1655 902 1736; x_wconf 85' lang='lat' dir='ltr'><strong>pericii</strong></span> 
     </span>
     <span class='ocr_line' id='line_1_19' title="bbox 222 1739 987 1821; baseline 0.001 -21"><span class='ocrx_word' id='word_1_116' title='bbox 222 1739 317 1800; x_wconf 86' lang='lat' dir='ltr'><strong>subdit</strong></span> <span class='ocrx_word' id='word_1_117' title='bbox 328 1740 421 1801; x_wconf 91' lang='lat' dir='ltr'><strong>adhuc</strong></span> <span class='ocrx_word' id='word_1_118' title='bbox 431 1740 574 1802; x_wconf 81' lang='lat' dir='ltr'><strong>stimulum</strong></span> <span class='ocrx_word' id='word_1_119' title='bbox 585 1741 704 1821; x_wconf 91' lang='lat' dir='ltr'><strong>quadam</strong></span> <span class='ocrx_word' id='word_1_120' title='bbox 719 1741 755 1802; x_wconf 91' lang='lat' dir='ltr'><strong>de</strong></span> <span class='ocrx_word' id='word_1_121' title='bbox 768 1749 850 1819; x_wconf 88' lang='lat' dir='ltr'><strong>parte</strong></span> <span class='ocrx_word' id='word_1_122' title='bbox 861 1741 987 1819; x_wconf 83' lang='lat' dir='ltr'><strong>timoris,</strong></span> 
     </span>
    </p>

    <p class='ocr_par' dir='ltr' id='par_1_7' title="bbox 158 1823 990 2070">
     <span class='ocr_line' id='line_1_20' title="bbox 158 1823 878 1903; baseline -0.006 -15"><span class='ocrx_word' id='word_1_123' title='bbox 158 1833 209 1888; x_wconf 81' lang='lat'><strong>605</strong></span> <span class='ocrx_word' id='word_1_124' title='bbox 222 1842 260 1882; x_wconf 91' lang='lat' dir='ltr'><strong>ne</strong></span> <span class='ocrx_word' id='word_1_125' title='bbox 272 1823 393 1901; x_wconf 89' lang='lat' dir='ltr'><strong>pedibus</strong></span> <span class='ocrx_word' id='word_1_126' title='bbox 405 1827 504 1903; x_wconf 87' lang='lat' dir='ltr'><strong>raptim</strong></span> <span class='ocrx_word' id='word_1_127' title='bbox 513 1824 601 1887; x_wconf 89' lang='lat' dir='ltr'><strong>tellus</strong></span> <span class='ocrx_word' id='word_1_128' title='bbox 613 1826 759 1886; x_wconf 87' lang='lat' dir='ltr'><strong>subtracta</strong></span> <span class='ocrx_word' id='word_1_129' title='bbox 770 1825 878 1886; x_wconf 78' lang='lat' dir='ltr'><strong>feratur</strong></span> 
     </span>
     <span class='ocr_line' id='line_1_21' title="bbox 222 1907 990 1989; baseline 0.001 -22"><span class='ocrx_word' id='word_1_130' title='bbox 222 1910 250 1967; x_wconf 92' lang='lat' dir='ltr'><strong>iu</strong></span> <span class='ocrx_word' id='word_1_131' title='bbox 262 1907 437 1987; x_wconf 81' lang='lat' dir='ltr'><strong>barathrum,</strong></span> <span class='ocrx_word' id='word_1_132' title='bbox 449 1927 603 1989; x_wconf 85' lang='lat' dir='ltr'><strong>rerumque</strong></span> <span class='ocrx_word' id='word_1_133' title='bbox 614 1920 751 1988; x_wconf 86' lang='lat' dir='ltr'><strong>sequatur</strong></span> <span class='ocrx_word' id='word_1_134' title='bbox 761 1908 872 1989; x_wconf 91' lang='lat' dir='ltr'><strong>prodita</strong></span> <span class='ocrx_word' id='word_1_135' title='bbox 883 1926 990 1970; x_wconf 88' lang='lat' dir='ltr'><strong>summa</strong></span> 
     </span>
     <span class='ocr_line' id='line_1_22' title="bbox 222 1990 804 2070; baseline 0.002 -19"><span class='ocrx_word' id='word_1_136' title='bbox 222 1990 364 2070; x_wconf 84' lang='lat' dir='ltr'><strong>funditus,</strong></span> <span class='ocrx_word' id='word_1_137' title='bbox 380 2001 410 2053; x_wconf 94' lang='lat' dir='ltr'><strong>et</strong></span> <span class='ocrx_word' id='word_1_138' title='bbox 422 1993 468 2053; x_wconf 84' lang='lat' dir='ltr'><strong>bat</strong></span> <span class='ocrx_word' id='word_1_139' title='bbox 479 1993 573 2053; x_wconf 91' lang='lat' dir='ltr'><strong>mundi</strong></span> <span class='ocrx_word' id='word_1_140' title='bbox 585 1993 704 2054; x_wconf 84' lang='lat' dir='ltr'><strong>confusa</strong></span> <span class='ocrx_word' id='word_1_141' title='bbox 714 1994 804 2053; x_wconf 88' lang='lat' dir='ltr'><strong>ruina.</strong></span> 
     </span>
    </p>

    <p class='ocr_par' dir='ltr' id='par_1_8' title="bbox 222 2073 978 2240">
     <span class='ocr_line' id='line_1_23' title="bbox 266 2073 978 2159; baseline -0.001 -22"><span class='ocrx_word' id='word_1_142' title='bbox 266 2073 280 2159; x_wconf 89' lang='grc' dir='ltr'><strong>ΙΙ</strong></span> <span class='ocrx_word' id='word_1_143' title='bbox 294 2075 438 2156; x_wconf 85' lang='lat' dir='ltr'><strong>Principio</strong></span> <span class='ocrx_word' id='word_1_144' title='bbox 453 2095 529 2139; x_wconf 87' lang='lat' dir='ltr'><strong>mure</strong></span> <span class='ocrx_word' id='word_1_145' title='bbox 540 2080 674 2138; x_wconf 86' lang='lat' dir='ltr'><strong>mirantur</strong></span> <span class='ocrx_word' id='word_1_146' title='bbox 686 2093 743 2136; x_wconf 88' lang='lat' dir='ltr'><strong>non</strong></span> <span class='ocrx_word' id='word_1_147' title='bbox 754 2076 878 2137; x_wconf 88' lang='lat' dir='ltr'><strong>reddere</strong></span> <span class='ocrx_word' id='word_1_148' title='bbox 887 2075 978 2136; x_wconf 83' lang='lat' dir='ltr'><strong>maius</strong></span> 
     </span>
     <span class='ocr_line' id='line_1_24' title="bbox 222 2161 905 2240; baseline -0.003 -22"><span class='ocrx_word' id='word_1_149' title='bbox 222 2170 364 2237; x_wconf 84' lang='lat' dir='ltr'><strong>naturam,</strong></span> <span class='ocrx_word' id='word_1_150' title='bbox 379 2178 436 2239; x_wconf 88' lang='lat' dir='ltr'><strong>quc</strong></span> <span class='ocrx_word' id='word_1_151' title='bbox 448 2163 485 2222; x_wconf 87' lang='lat' dir='ltr'><strong>sit</strong></span> <span class='ocrx_word' id='word_1_152' title='bbox 496 2171 589 2222; x_wconf 89' lang='lat' dir='ltr'><strong>tantus</strong></span> <span class='ocrx_word' id='word_1_153' title='bbox 601 2161 741 2222; x_wconf 87' lang='lat' dir='ltr'><strong>decursus</strong></span> <span class='ocrx_word' id='word_1_154' title='bbox 753 2177 905 2240; x_wconf 84' lang='lat' dir='ltr'><strong>uquarum,</strong></span> 
     </span>
    </p>

    <p class='ocr_par' dir='ltr' id='par_1_9' title="bbox 158 2245 1013 2658">
     <span class='ocr_line' id='line_1_25' title="bbox 158 2245 868 2324; baseline -0.008 -16"><span class='ocrx_word' id='word_1_155' title='bbox 158 2253 211 2307; x_wconf 86' lang='lat'><strong>610</strong></span> <span class='ocrx_word' id='word_1_156' title='bbox 224 2246 316 2303; x_wconf 89' lang='lat' dir='ltr'><strong>omnia</strong></span> <span class='ocrx_word' id='word_1_157' title='bbox 327 2261 384 2323; x_wconf 92' lang='lat' dir='ltr'><strong>quo</strong></span> <span class='ocrx_word' id='word_1_158' title='bbox 395 2245 509 2305; x_wconf 86' lang='lat' dir='ltr'><strong>veniant</strong></span> <span class='ocrx_word' id='word_1_159' title='bbox 520 2246 642 2306; x_wconf 87' lang='lat' dir='ltr'><strong>exomni</strong></span> <span class='ocrx_word' id='word_1_160' title='bbox 655 2245 766 2304; x_wconf 89' lang='lat' dir='ltr'><strong>dumiua</strong></span> <span class='ocrx_word' id='word_1_161' title='bbox 777 2253 868 2324; x_wconf 87' lang='lat' dir='ltr'><strong>parte.</strong></span> 
     </span>
     <span class='ocr_line' id='line_1_26' title="bbox 223 2326 928 2409; baseline 0 -23"><span class='ocrx_word' id='word_1_162' title='bbox 223 2327 295 2387; x_wconf 87' lang='lat' dir='ltr'><strong>adde</strong></span> <span class='ocrx_word' id='word_1_163' title='bbox 308 2345 398 2404; x_wconf 78' lang='lat' dir='ltr'><strong>vagos</strong></span> <span class='ocrx_word' id='word_1_164' title='bbox 411 2328 507 2389; x_wconf 86' lang='lat' dir='ltr'><strong>imbris</strong></span> <span class='ocrx_word' id='word_1_165' title='bbox 521 2338 767 2409; x_wconf 78' lang='lat' dir='ltr'><strong>tempestatesque</strong></span> <span class='ocrx_word' id='word_1_166' title='bbox 778 2326 928 2403; x_wconf 81' lang='lat' dir='ltr'><strong>volantes,</strong></span> 
     </span>
     <span class='ocr_line' id='line_1_27' title="bbox 225 2411 1013 2492; baseline 0.003 -23"><span class='ocrx_word' id='word_1_167' title='bbox 225 2412 316 2470; x_wconf 90' lang='lat' dir='ltr'><strong>omnia</strong></span> <span class='ocrx_word' id='word_1_168' title='bbox 328 2428 401 2489; x_wconf 89' lang='lat' dir='ltr'><strong>quae</strong></span> <span class='ocrx_word' id='word_1_169' title='bbox 411 2413 497 2472; x_wconf 90' lang='lat' dir='ltr'><strong>maria</strong></span> <span class='ocrx_word' id='word_1_170' title='bbox 507 2430 542 2472; x_wconf 90' lang='lat' dir='ltr'><strong>ae</strong></span> <span class='ocrx_word' id='word_1_171' title='bbox 553 2422 644 2473; x_wconf 89' lang='lat' dir='ltr'><strong>terras</strong></span> <span class='ocrx_word' id='word_1_172' title='bbox 656 2422 851 2492; x_wconf 79' lang='lat' dir='ltr'><strong>sparguntque</strong></span> <span class='ocrx_word' id='word_1_173' title='bbox 862 2411 1013 2490; x_wconf 75' lang='lat' dir='ltr'><strong>uigentque</strong></span> 
     </span>
     <span class='ocr_line' id='line_1_28' title="bbox 223 2493 990 2557; baseline 0 -4"><span class='ocrx_word' id='word_1_174' title='bbox 223 2493 295 2553; x_wconf 89' lang='lat' dir='ltr'><strong>adde</strong></span> <span class='ocrx_word' id='word_1_175' title='bbox 308 2511 377 2554; x_wconf 89' lang='lat' dir='ltr'><strong>suos</strong></span> <span class='ocrx_word' id='word_1_176' title='bbox 389 2493 490 2556; x_wconf 86' lang='lat' dir='ltr'><strong>fontis:</strong></span> <span class='ocrx_word' id='word_1_177' title='bbox 502 2505 594 2556; x_wconf 89' lang='lat' dir='ltr'><strong>tamen</strong></span> <span class='ocrx_word' id='word_1_178' title='bbox 606 2495 640 2556; x_wconf 93' lang='lat' dir='ltr'><strong>ad</strong></span> <span class='ocrx_word' id='word_1_179' title='bbox 652 2498 737 2557; x_wconf 89' lang='lat' dir='ltr'><strong>maris</strong></span> <span class='ocrx_word' id='word_1_180' title='bbox 748 2498 841 2556; x_wconf 89' lang='lat' dir='ltr'><strong>omnia</strong></span> <span class='ocrx_word' id='word_1_181' title='bbox 855 2511 990 2556; x_wconf 84' lang='lat' dir='ltr'><strong>summam</strong></span> 
     </span>
     <span class='ocr_line' id='line_1_29' title="bbox 224 2578 843 2658; baseline 0.005 -21"><span class='ocrx_word' id='word_1_182' title='bbox 224 2580 313 2655; x_wconf 82' lang='lat' dir='ltr'><strong>guttai</strong></span> <span class='ocrx_word' id='word_1_183' title='bbox 324 2578 374 2638; x_wconf 83' lang='lat' dir='ltr'><strong>vix</strong></span> <span class='ocrx_word' id='word_1_184' title='bbox 384 2578 474 2639; x_wconf 87' lang='lat' dir='ltr'><strong>instar</strong></span> <span class='ocrx_word' id='word_1_185' title='bbox 484 2588 567 2640; x_wconf 90' lang='lat' dir='ltr'><strong>erunt</strong></span> <span class='ocrx_word' id='word_1_186' title='bbox 578 2581 660 2640; x_wconf 88' lang='lat' dir='ltr'><strong>unius</strong></span> <span class='ocrx_word' id='word_1_187' title='bbox 671 2580 843 2658; x_wconf 79' lang='lat' dir='ltr'><strong>adaugrnen;</strong></span> 
     </span>
    </p>

    <p class='ocr_par' dir='ltr' id='par_1_10' title="bbox 160 2664 1035 3074">
     <span class='ocr_line' id='line_1_30' title="bbox 160 2664 1035 2742; baseline 0.001 -20"><span class='ocrx_word' id='word_1_188' title='bbox 160 2671 211 2723; x_wconf 86' lang='grc'><strong>515</strong></span> <span class='ocrx_word' id='word_1_189' title='bbox 226 2679 283 2740; x_wconf 89' lang='lat' dir='ltr'><strong>quc</strong></span> <span class='ocrx_word' id='word_1_190' title='bbox 293 2664 384 2722; x_wconf 90' lang='lat' dir='ltr'><strong>minus</strong></span> <span class='ocrx_word' id='word_1_191' title='bbox 395 2673 440 2723; x_wconf 86' lang='lat' dir='ltr'><strong>cst</strong></span> <span class='ocrx_word' id='word_1_192' title='bbox 451 2665 548 2723; x_wconf 89' lang='lat' dir='ltr'><strong>mirum</strong></span> <span class='ocrx_word' id='word_1_193' title='bbox 563 2682 640 2725; x_wconf 86' lang='lat' dir='ltr'><strong>nrare</strong></span> <span class='ocrx_word' id='word_1_194' title='bbox 651 2682 710 2725; x_wconf 90' lang='lat' dir='ltr'><strong>non</strong></span> <span class='ocrx_word' id='word_1_195' title='bbox 721 2682 881 2742; x_wconf 76' lang='lat' dir='ltr'><strong>augescere</strong></span> <span class='ocrx_word' id='word_1_196' title='bbox 893 2678 1035 2740; x_wconf 70' lang='lat' dir='ltr'><strong>magnum.</strong></span> 
     </span>
     <span class='ocr_line' id='line_1_31' title="bbox 223 2746 933 2827; baseline 0 -21"><span class='ocrx_word' id='word_1_197' title='bbox 223 2754 374 2824; x_wconf 86' lang='lat' dir='ltr'><strong>praeterea</strong></span> <span class='ocrx_word' id='word_1_198' title='bbox 384 2765 511 2824; x_wconf 83' lang='lat' dir='ltr'><strong>magnam</strong></span> <span class='ocrx_word' id='word_1_199' title='bbox 523 2746 568 2808; x_wconf 89' lang='lat' dir='ltr'><strong>sol</strong></span> <span class='ocrx_word' id='word_1_200' title='bbox 581 2757 690 2827; x_wconf 84' lang='lat' dir='ltr'><strong>partem</strong></span> <span class='ocrx_word' id='word_1_201' title='bbox 707 2747 829 2808; x_wconf 88' lang='lat' dir='ltr'><strong>detrabit</strong></span> <span class='ocrx_word' id='word_1_202' title='bbox 842 2755 933 2808; x_wconf 86' lang='lat' dir='ltr'><strong>aestu.</strong></span> 
     </span>
     <span class='ocr_line' id='line_1_32' title="bbox 225 2830 923 2908; baseline 0.007 -21"><span class='ocrx_word' id='word_1_203' title='bbox 225 2831 332 2908; x_wconf 87' lang='lat' dir='ltr'><strong>qnippe</strong></span> <span class='ocrx_word' id='word_1_204' title='bbox 344 2830 472 2892; x_wconf 85' lang='lat' dir='ltr'><strong>videmus</strong></span> <span class='ocrx_word' id='word_1_205' title='bbox 486 2834 560 2891; x_wconf 89' lang='lat' dir='ltr'><strong>enim</strong></span> <span class='ocrx_word' id='word_1_206' title='bbox 571 2834 662 2892; x_wconf 86' lang='lat' dir='ltr'><strong>vestis</strong></span> <span class='ocrx_word' id='word_1_207' title='bbox 674 2850 772 2892; x_wconf 86' lang='lat' dir='ltr'><strong>umore</strong></span> <span class='ocrx_word' id='word_1_208' title='bbox 784 2832 923 2892; x_wconf 88' lang='lat' dir='ltr'><strong>madentis</strong></span> 
     </span>
     <span class='ocr_line' id='line_1_33' title="bbox 224 2914 827 2976; baseline 0.008 -5"><span class='ocrx_word' id='word_1_209' title='bbox 224 2915 373 2974; x_wconf 86' lang='lat' dir='ltr'><strong>exsiccare</strong></span> <span class='ocrx_word' id='word_1_210' title='bbox 385 2915 444 2976; x_wconf 87' lang='lat' dir='ltr'><strong>suis</strong></span> <span class='ocrx_word' id='word_1_211' title='bbox 455 2914 539 2975; x_wconf 90' lang='lat' dir='ltr'><strong>radiis</strong></span> <span class='ocrx_word' id='word_1_212' title='bbox 551 2915 707 2976; x_wconf 87' lang='lat' dir='ltr'><strong>ardentibu’</strong></span> <span class='ocrx_word' id='word_1_213' title='bbox 719 2915 827 2976; x_wconf 87' lang='lat' dir='ltr'><strong>solem:</strong></span> 
     </span>
     <span class='ocr_line' id='line_1_34' title="bbox 224 2997 886 3074; baseline 0.005 -20"><span class='ocrx_word' id='word_1_214' title='bbox 224 3005 251 3055; x_wconf 90' lang='lat' dir='ltr'><strong>at</strong></span> <span class='ocrx_word' id='word_1_215' title='bbox 263 2997 368 3074; x_wconf 87' lang='lat' dir='ltr'><strong>pelage</strong></span> <span class='ocrx_word' id='word_1_216' title='bbox 379 2997 466 3058; x_wconf 88' lang='lat' dir='ltr'><strong>multa</strong></span> <span class='ocrx_word' id='word_1_217' title='bbox 479 3008 508 3059; x_wconf 91' lang='lat' dir='ltr'><strong>et</strong></span> <span class='ocrx_word' id='word_1_218' title='bbox 523 2997 580 3059; x_wconf 88' lang='lat' dir='ltr'><strong>late</strong></span> <span class='ocrx_word' id='word_1_219' title='bbox 592 3000 734 3059; x_wconf 86' lang='lat' dir='ltr'><strong>substrata</strong></span> <span class='ocrx_word' id='word_1_220' title='bbox 748 3000 886 3060; x_wconf 85' lang='lat' dir='ltr'><strong>ridemus.</strong></span> 
     </span>
    </p>

    <p class='ocr_par' dir='ltr' id='par_1_11' title="bbox 159 3079 949 3246">
     <span class='ocr_line' id='line_1_35' title="bbox 159 3079 949 3163; baseline 0.004 -23"><span class='ocrx_word' id='word_1_221' title='bbox 159 3088 211 3141; x_wconf 75' lang='lat'><strong>620</strong></span> <span class='ocrx_word' id='word_1_222' title='bbox 225 3079 344 3157; x_wconf 87' lang='lat' dir='ltr'><strong>proinde</strong></span> <span class='ocrx_word' id='word_1_223' title='bbox 356 3079 425 3141; x_wconf 89' lang='lat' dir='ltr'><strong>licet</strong></span> <span class='ocrx_word' id='word_1_224' title='bbox 436 3084 563 3160; x_wconf 84' lang='lat' dir='ltr'><strong>quamvis</strong></span> <span class='ocrx_word' id='word_1_225' title='bbox 575 3101 613 3142; x_wconf 85' lang='lat' dir='ltr'><strong>ex</strong></span> <span class='ocrx_word' id='word_1_226' title='bbox 625 3101 681 3143; x_wconf 90' lang='lat' dir='ltr'><strong>nnn</strong></span> <span class='ocrx_word' id='word_1_227' title='bbox 696 3101 812 3163; x_wconf 89' lang='lat' dir='ltr'><strong>qnoque</strong></span> <span class='ocrx_word' id='word_1_228' title='bbox 823 3082 892 3143; x_wconf 87' lang='lat' dir='ltr'><strong>loce</strong></span> <span class='ocrx_word' id='word_1_229' title='bbox 903 3083 949 3143; x_wconf 87' lang='lat' dir='ltr'><strong>sol</strong></span> 
     </span>
     <span class='ocr_line' id='line_1_36' title="bbox 224 3164 901 3246; baseline 0.006 -25"><span class='ocrx_word' id='word_1_230' title='bbox 224 3164 329 3222; x_wconf 87' lang='lat' dir='ltr'><strong>umoris</strong></span> <span class='ocrx_word' id='word_1_231' title='bbox 344 3181 459 3242; x_wconf 91' lang='lat' dir='ltr'><strong>parvam</strong></span> <span class='ocrx_word' id='word_1_232' title='bbox 469 3165 578 3226; x_wconf 90' lang='lat' dir='ltr'><strong>delibet</strong></span> <span class='ocrx_word' id='word_1_233' title='bbox 588 3167 623 3226; x_wconf 93' lang='lat' dir='ltr'><strong>ab</strong></span> <span class='ocrx_word' id='word_1_234' title='bbox 635 3184 761 3245; x_wconf 88' lang='lat' dir='ltr'><strong>aequore</strong></span> <span class='ocrx_word' id='word_1_235' title='bbox 776 3176 901 3246; x_wconf 86' lang='lat' dir='ltr'><strong>partem:</strong></span> 
     </span>
    </p>
   </div>
   <div class='ocr_carea' id='block_1_3' title="bbox 224 3245 978 3498">
    <p class='ocr_par' dir='ltr' id='par_1_12' title="bbox 224 3245 978 3498">
     <span class='ocr_line' id='line_1_37' title="bbox 224 3245 907 3328; baseline 0.006 -24"><span class='ocrx_word' id='word_1_236' title='bbox 224 3245 342 3323; x_wconf 81' lang='lat' dir='ltr'><strong>largiter</strong></span> <span class='ocrx_word' id='word_1_237' title='bbox 353 3248 381 3305; x_wconf 90' lang='lat' dir='ltr'><strong>in</strong></span> <span class='ocrx_word' id='word_1_238' title='bbox 392 3256 469 3309; x_wconf 89' lang='lat' dir='ltr'><strong>tanto</strong></span> <span class='ocrx_word' id='word_1_239' title='bbox 482 3252 575 3328; x_wconf 89' lang='lat' dir='ltr'><strong>spatio</strong></span> <span class='ocrx_word' id='word_1_240' title='bbox 587 3260 680 3311; x_wconf 89' lang='lat' dir='ltr'><strong>tamen</strong></span> <span class='ocrx_word' id='word_1_241' title='bbox 691 3251 802 3312; x_wconf 83' lang='lat' dir='ltr'><strong>auderet</strong></span> <span class='ocrx_word' id='word_1_242' title='bbox 815 3249 907 3312; x_wconf 90' lang='lat' dir='ltr'><strong>undis.</strong></span> 
     </span>
     <span class='ocr_line' id='line_1_38' title="bbox 224 3333 978 3428; baseline 0.008 -40"><span class='ocrx_word' id='word_1_243' title='bbox 224 3339 283 3388; x_wconf 87' lang='lat' dir='ltr'><strong>turn</strong></span> <span class='ocrx_word' id='word_1_244' title='bbox 294 3346 381 3428; x_wconf 82' lang='lat' dir='ltr'><strong>porro</strong></span> <span class='ocrx_word' id='word_1_245' title='bbox 392 3333 469 3392; x_wconf 87' lang='lat' dir='ltr'><strong>venti</strong></span> <span class='ocrx_word' id='word_1_246' title='bbox 482 3350 597 3413; x_wconf 88' lang='lat' dir='ltr'><strong>qunque</strong></span> <span class='ocrx_word' id='word_1_247' title='bbox 608 3352 737 3412; x_wconf 80' lang='lat' dir='ltr'><strong>magnam</strong></span> <span class='ocrx_word' id='word_1_248' title='bbox 747 3334 853 3396; x_wconf 87' lang='lat' dir='ltr'><strong>tollere</strong></span> <span class='ocrx_word' id='word_1_249' title='bbox 866 3342 978 3412; x_wconf 81' lang='lat' dir='ltr'><strong>partem</strong></span> 
     </span>
     <span class='ocr_line' id='line_1_39' title="bbox 225 3421 888 3498; baseline 0.015 -28"><span class='ocrx_word' id='word_1_250' title='bbox 225 3428 330 3473; x_wconf 87' lang='lat' dir='ltr'><strong>unrnrrs</strong></span> <span class='ocrx_word' id='word_1_251' title='bbox 342 3425 463 3491; x_wconf 91' lang='lat' dir='ltr'><strong>possunt</strong></span> <span class='ocrx_word' id='word_1_252' title='bbox 473 3427 624 3479; x_wconf 84' lang='lat' dir='ltr'><strong>verrentes</strong></span> <span class='ocrx_word' id='word_1_253' title='bbox 638 3436 782 3498; x_wconf 87' lang='lat' dir='ltr'><strong>aequora,</strong></span> <span class='ocrx_word' id='word_1_254' title='bbox 794 3421 888 3480; x_wconf 86' lang='lat' dir='ltr'><strong>ventis</strong></span> 
     </span>
    </p>
   </div>
   <div class='ocr_carea' id='block_1_4' title="bbox 0 0 1178 3854">
    <p class='ocr_par' dir='ltr' id='par_1_13' title="bbox 0 0 1178 3854">
     <span class='ocr_line' id='line_1_40' title="bbox 0 0 1178 3854; baseline 0 0"><span class='ocrx_word' id='word_1_255' title='bbox 0 0 1178 3854; x_wconf 95' lang='lat' dir='ltr'><strong> </strong></span> 
     </span>
    </p>
   </div>
  </div>
 </body>
</html>
