2340 3854
136 154 196 233 leo
622 169 648 227 v

219 353 322 413 nemo,
336 346 366 397 ut
377 338 496 415 opinor,
509 337 563 396 erit
576 335 687 397 mortali
702 352 824 414 corpore
837 347 943 399 erotus.

200 489 202 493 ,
219 438 281 482 narn
291 423 333 497 si,
347 429 377 480 ut
391 423 453 499 ipsa
466 420 539 498 petit
549 422 681 480 maiestas
696 421 933 497 cognitorem,

218 503 368 564 dicendum
383 513 444 581 est,
458 502 528 564 dens
539 503 590 563 ilie
601 503 670 580 fuit,
683 502 771 580 deus,
786 503 895 580 inelyte
905 502 1041 583 Homini,

218 589 266 666 qui
278 589 413 666 princeps
424 588 500 648 vitae
513 589 651 648 rationem
664 588 770 647 invenit
781 605 844 647 eam
856 605 930 667 quae

166 683 201 735 10
217 689 292 730 nune
303 670 465 750 appellatur
478 672 632 748 sapientia,
646 671 752 750 quique
766 688 821 748 per
834 680 924 733 ortem

218 754 351 816 fluetibus
362 773 379 814 e
391 757 474 815 tantis
485 755 570 814 vitam
581 757 722 832 tantisque
734 754 863 815 tenebris

217 841 245 897 in
257 847 312 898 tam
322 837 476 916 tranquillo
487 848 517 898 et
530 846 586 896 tam
598 836 675 898 alara
685 837 751 897 luoe
763 835 878 898 locavit.

218 921 319 981 oonier
330 923 403 980 enim
416 919 509 980 divina
520 920 638 980 aliorum
648 923 762 999 antiqua
773 931 897 1000 reperta

216 1022 337 1083 namque
351 1002 442 1065 Geren
455 1005 544 1064 fertum
557 1003 657 1082 fruges
667 1003 810 1083 Liberque
824 1002 944 1084 liquoris

165 1101 196 1152 15
213 1089 331 1165 vitigeni
344 1088 458 1148 laticem
468 1086 633 1148 mortalibus
643 1089 815 1156 instituisse,

217 1191 281 1232 eum
291 1180 383 1231 tamen
393 1171 438 1231 his
449 1181 551 1251 posset
565 1174 627 1232 sine
639 1172 727 1232 rebus
739 1173 796 1231 vita
810 1188 943 1249 manere,

215 1267 246 1315 ut
258 1254 329 1315 fama
341 1264 386 1316 est
397 1255 506 1334 aliquas
518 1257 602 1315 etiam
616 1274 691 1315 nune
703 1257 804 1315 vivere
817 1255 927 1332 gentis:

215 1339 329 1399 athene
344 1356 400 1398 non
414 1348 527 1418 poterat
538 1341 599 1400 sine
610 1357 682 1417 puro
694 1348 816 1417 pectore
826 1339 899 1407 vivi;

216 1440 272 1502 quo
284 1424 374 1500 magis
389 1422 436 1483 hie
447 1425 548 1483 merito
559 1423 642 1485 nobis
657 1423 728 1483 dens
741 1420 951 1500 emendetur,

163 1519 198 1571 20
214 1524 252 1567 ex
263 1524 321 1584 quo
333 1524 408 1566 nuno
420 1508 501 1567 etiam
513 1524 566 1584 per
576 1524 691 1585 magnas
705 1505 790 1566 didita
801 1506 897 1584 gentio

215 1588 309 1649 duleia
320 1589 498 1667 permulcent
509 1592 617 1651 animos
628 1589 736 1651 solacia
745 1592 830 1650 vitae.

215 1673 347 1733 Herculis
362 1674 496 1733 antistare
507 1683 600 1733 autem
612 1676 636 1733 si
647 1674 723 1735 faeta
734 1673 864 1752 putabis,

215 1756 329 1832 longius
340 1774 356 1815 a
367 1773 435 1816 vera
448 1756 536 1816 multo
549 1759 656 1817 ratione
672 1756 777 1817 ferere.

216 1839 282 1920 qnid
295 1838 457 1900 Nemeaeus
470 1841 544 1900 enim
556 1839 638 1901 nobis
652 1859 727 1900 nuno
737 1857 856 1917 magnus
865 1837 958 1899 hiatus

165 1937 199 1988 25
214 1923 264 1984 iile
275 1922 368 1984 leonis
380 1923 499 1984 obesset
510 1932 540 1983 et
550 1923 670 1985 horrens
682 1924 822 1984 Arcadius
834 1919 905 1985 sus?

216 2009 338 2086 denique
354 2007 420 2086 quid
433 2005 537 2068 Cretae
548 2016 644 2069 taurus
656 2007 840 2086 Lernaeaque
850 2007 941 2087 pestis

215 2092 303 2167 hydra
316 2093 463 2152 venenatis
475 2102 577 2170 posset
587 2090 690 2152 vallata
701 2087 849 2152 colubris?

215 2177 319 2255 quidve
331 2177 486 2254 tripectora
498 2178 648 2253 tergemini
659 2178 702 2237 vis
715 2174 857 2251 Geryonai

216 2269 245 2320 et
256 2259 403 2320 Diomedis
415 2261 481 2338 equi
492 2261 633 2338 spirantes
645 2259 758 2320 naribus
769 2261 881 2336 ignem,

165 2354 200 2408 30
214 2343 349 2403 Thracam
364 2342 563 2421 Bistoniasque
575 2341 674 2421 plagas
690 2352 776 2422 atque
788 2342 894 2403 Ismara
906 2349 1046 2421 propter,

214 2520 292 2573 tanto
306 2526 396 2587 opere
408 2509 558 2568 officerent
570 2509 653 2570 nobis
665 2509 831 2589 Stymphala
842 2504 997 2571 colentes?

214 2611 356 2672 aureaque
368 2591 556 2672 Hesperidum
569 2612 686 2656 servans
698 2593 837 2672 fulgentia
848 2591 938 2669 mala,

216 2697 318 2759 asper,
331 2678 436 2738 acerba
446 2687 549 2755 tuens,
562 2680 672 2739 immani
685 2694 809 2757 corpore
824 2694 945 2756 serpens

214 2764 323 2824 arboris
338 2761 486 2841 amplexus
498 2764 615 2841 stirpem
628 2762 694 2842 quid
706 2762 829 2842 denique
841 2761 960 2822 obesset

165 2857 199 2912 35
214 2859 334 2928 proptor
343 2846 504 2907 Atlanteum
513 2846 581 2907 litus
592 2846 754 2926 pelageque
772 2862 892 2922 severa,

215 2949 272 3012 quo
283 2950 377 3010 neque
390 2941 490 2992 noster
501 2931 558 2992 adit
572 2934 719 3010 quisquam
733 2949 789 2990 neo
801 2928 937 2991 barbarus
952 2922 1063 2989 andei?

215 3026 312 3078 eetera
327 3015 364 3076 de
379 3034 487 3094 genere
502 3014 560 3076 hoe
577 3024 726 3094 quaesunt
739 3020 1054 3095 portentaperemptn‚

214 3103 238 3162 si
253 3119 309 3161 non
320 3102 395 3161 vieta
406 3101 517 3178 forent,
531 3099 598 3179 quid
613 3099 725 3160 undem
737 3101 800 3159 viva
811 3090 972 3158 nocerent?

214 3184 270 3263 nil,
282 3195 313 3245 ut
324 3186 439 3263 opinor:
452 3188 490 3246 ita
500 3184 535 3246 ad
548 3185 677 3246 satiatem
688 3192 764 3245 terra
778 3183 901 3243 ferarum

167 3279 199 3334 io
214 3289 289 3331 nune
303 3270 386 3329 etiam
399 3271 482 3330 scatit
496 3279 526 3330 et
539 3268 652 3349 trepide
665 3278 776 3329 terrore
787 3264 900 3347 repleta
915 3271 962 3323 est

213 3373 270 3436 per
284 3369 400 3414 nemora
410 3371 445 3412 ao
455 3363 567 3415 montes
582 3370 701 3432 magnos
715 3352 861 3431 silvasque
872 3346 1048 3427 profundas:

218 3458 291 3521 quae
303 3439 368 3500 loea
379 3437 483 3499 vitandi
492 3437 661 3519 plerumque
674 3446 719 3498 est
729 3446 826 3500 nostra
840 3438 981 3514 potestas.
