2340 3854
138 272 199 341 188
613 273 656 335 tu

222 451 251 503 et
265 439 348 503 simul
359 442 507 522 exspirare
518 440 596 502 foras
607 441 744 520 exireque
755 441 784 500 in
794 457 897 518 auras,

222 543 278 585 non
289 526 327 585 ita
339 522 424 584 multa
435 526 548 601 omen,
559 523 667 586 calidus
679 532 764 603 queat
774 533 806 584 ut
815 523 878 584 lieri
889 523 972 603 iona,

222 616 376 686 propterea
387 607 518 687 dispersa
527 607 605 667 ioras
616 623 768 685 erumpere
780 609 859 684 cogit

222 693 265 752 vis
277 709 330 769 per
340 708 440 769 aquam
450 691 546 751 subito
559 707 727 768 sursumque
738 706 773 750 ea
786 689 940 750 conciliari.

158 783 212 838 899
223 773 299 853 quod
312 792 404 851 genus
415 772 490 834 endo
501 775 596 834 marist
605 772 692 832 Aradi
704 772 786 850 fons,
797 771 889 833 dulcis
899 777 982 852 aquai

223 858 270 937 qui
282 858 366 917 scatit
377 865 408 917 et
418 855 508 918 salem
521 858 628 916 circum
639 874 672 916 se
685 855 810 916 dimovet
820 856 923 917 undas:

222 949 251 1000 et
261 939 354 1001 multis
365 939 428 1000 aliis
439 940 558 1018 praehet
567 939 733 1016 regionibus
743 956 852 1017 aequor

222 1022 368 1083 utilitatem
380 1030 567 1102 opportunam
577 1022 730 1083 sitientibu'
741 1025 849 1100 nautis,

223 1104 299 1185 quod
312 1105 403 1167 dulcis
414 1107 489 1166 inter
499 1104 590 1166 salsas
603 1107 763 1166 intervomit
774 1105 875 1169 undu.

157 1199 209 1253 895
225 1191 268 1249 sic
278 1191 365 1267 igitur
373 1207 428 1268 per
437 1206 502 1249 eum
515 1198 637 1267 possunt
647 1205 797 1267 erumpere
809 1188 918 1250 iontem

222 1282 252 1333 et
264 1282 376 1334 scatere
387 1272 436 1332 illa
449 1271 525 1333 foras
535 1274 564 1331 in
575 1281 705 1350 stuppam
715 1274 838 1341 semina3
851 1290 983 1352 quocum

224 1357 395 1417 conveniunt
404 1364 452 1416 aut
462 1358 490 1415 in
501 1355 592 1416 taedai
605 1372 729 1434 corpore
740 1354 911 1435 adhaerent,

221 1440 374 1500 ardescunt
385 1439 470 1500 facile
482 1437 644 1516 extemplo,
658 1441 723 1517 quia
733 1437 819 1499 multa
831 1457 945 1520 quoque
955 1443 985 1501 in
994 1460 1030 1503 se

223 1525 330 1583 semina
343 1522 447 1584 lrabeat
458 1524 531 1600 ignis
542 1532 664 1601 stuppae
675 1522 833 1602 taedaeque
845 1521 968 1585 latentis.

159 1613 212 1669 999
222 1622 315 1666 nonne
327 1606 408 1667 vides
419 1607 519 1683 etiam,
532 1614 669 1665 nocturna
679 1606 715 1666 ad
725 1605 829 1666 lumina
839 1604 926 1667 linum

221 1707 313 1768 nuper
323 1691 371 1750 ubi
383 1691 537 1750 extinctum
548 1688 716 1767 admoveas,
727 1689 880 1751 accendier
890 1702 956 1752 ante

223 1791 305 1850 quarn
316 1775 410 1851 tetigit
421 1773 572 1849 flammam,
584 1772 753 1851 taedamque
764 1775 825 1852 pari
835 1771 964 1834 ratione?

222 1853 364 1933 multaque
376 1865 526 1934 praeterea
536 1858 615 1934 prius
626 1858 690 1935 ipso
704 1865 779 1917 tacta
790 1874 898 1936 vapore

222 1941 331 1999 eminus
342 1939 494 1999 ardescunt
506 1955 588 2015 quam
598 1941 754 2001 comminus
765 1940 869 2001 imbuat
879 1942 963 2018 ignis.

160 2030 211 2084 905
225 2021 281 2081 hcc
292 2023 378 2100 igitur
388 2024 449 2083 lieri
461 2039 576 2101 quoque
587 2022 615 2082 in
626 2021 676 2082 illo
687 2022 766 2083 ionte
780 2023 969 2104 putandumst.

265 2104 348 2178 Quod
360 2116 510 2186 superest,
522 2123 610 2184 agere
621 2108 753 2183 incipiam
765 2123 821 2186 quo
832 2106 952 2168 loedere
964 2107 1013 2169 liat

221 2197 354 2267 naturae,
367 2189 440 2269 lepis
450 2189 498 2250 hic
508 2198 539 2249 ut
548 2189 652 2249 lcrnnn
664 2189 770 2250 ducere
781 2193 891 2271 possit,

222 2290 306 2351 quem
318 2272 449 2351 llagneta
460 2281 564 2333 vocant
573 2275 664 2351 patrio
676 2272 712 2334 de
723 2276 837 2334 nomine
848 2273 930 2353 Grai,

222 2355 384 2432 Magnetum
395 2358 459 2434 quia
471 2357 500 2416 lit
511 2359 609 2434 patriis
619 2359 647 2417 in
658 2357 760 2418 linibus
771 2366 843 2416 ortu.

157 2445 210 2499 910
222 2437 297 2497 hunc
308 2440 435 2499 homiues
446 2438 567 2517 lapidem
578 2441 724 2500 mirantur:
737 2442 843 2520 quippe
855 2449 983 2502 catenam

222 2539 310 2599 saepe
323 2540 360 2582 ex
371 2520 472 2581 anellis
483 2522 576 2582 reddit
587 2523 776 2601 pendentibus
788 2542 827 2585 cx
837 2543 879 2585 se.

223 2606 346 2683 quinque
358 2607 463 2665 etenim
474 2604 543 2665 licet
554 2607 692 2666 interdum
701 2607 857 2687 pluresque
869 2606 968 2668 videre

223 2687 321 2748 ordine
334 2688 474 2748 demissos
486 2688 598 2749 levibus
608 2692 739 2751 iactarier
750 2693 843 2770 auris,

222 2790 293 2832 unus
305 2773 352 2833 ubi
363 2790 401 2832 ex
412 2790 467 2832 uno
482 2772 625 2850 dependet
637 2783 735 2852 supter
745 2774 921 2852 adhaerens,

158 2860 210 2914 915
222 2874 260 2914 ex
269 2854 382 2934 alioque
396 2856 466 2917 alius
478 2855 578 2934 lepidis
589 2859 644 2916 vim
655 2856 805 2937 vinclaque
818 2859 925 2919 noscit:

222 2957 313 3017 usqne
324 2938 396 2999 adeo
406 2950 602 3018 permananter
615 2943 660 3003 vis
671 2941 801 3019 pervolat
814 2943 886 3002 eius.

264 3021 326 3082 lloc
338 3041 428 3100 genus
440 3025 468 3082 in
479 3024 566 3083 rebus
578 3024 767 3084 firmandumst
777 3023 862 3084 multa
873 3024 953 3104 prins
966 3040 1051 3103 qnam

221 3106 310 3183 ipsius
321 3108 363 3166 rei
374 3108 511 3166 rationem
520 3106 642 3169 reddere
652 3110 764 3187 possis,

224 3196 254 3247 et
265 3190 377 3248 nimium
389 3189 483 3268 longis
495 3190 660 3269 ambagibus
672 3201 717 3254 est
731 3191 904 3260 adeundum

156 3276 211 3331 990
225 3289 281 3350 aquo
292 3274 382 3348 magis
393 3282 513 3334 attentas
525 3277 600 3336 auris
610 3276 786 3354 animumque
797 3290 932 3354 reposco.

265 3354 406 3432 Principio
419 3357 548 3417 omnibus
563 3359 598 3418 ab
610 3359 717 3437 rebus,
737 3375 932 3438 quascumque
943 3357 1094 3437 ridemus,

224 3446 366 3518 perpetuo
378 3438 467 3499 liuere
479 3457 513 3500 ac
523 3443 593 3501 mitti
605 3443 758 3521 spargique
769 3449 922 3504 necessest

223 3538 344 3602 corpora
356 3540 428 3602 quac
440 3522 541 3583 feriant
552 3524 654 3587 oculos
665 3528 813 3606 visumque
825 3525 984 3586 lacessant:
