<?xml version="1.0" encoding="UTF-8"?>
<!DOCTYPE html PUBLIC "-//W3C//DTD XHTML 1.0 Transitional//EN"
    "http://www.w3.org/TR/xhtml1/DTD/xhtml1-transitional.dtd">
<html xmlns="http://www.w3.org/1999/xhtml" xml:lang="en" lang="en">
 <head>
  <title>
</title>
<meta http-equiv="Content-Type" content="text/html;charset=utf-8" />
  <meta name='ocr-system' content='tesseract 3.04.00' />
  <meta name='ocr-capabilities' content='ocr_page ocr_carea ocr_par ocr_line ocrx_word'/>
</head>
<body>
  <div class='ocr_page' id='page_1' title='image "./dererumnaturali05carugoog_0145.png"; bbox 0 0 2340 3854; ppageno 0'>
   <div class='ocr_carea' id='block_1_1' title="bbox 139 160 649 228">
    <p class='ocr_par' dir='ltr' id='par_1_1' title="bbox 139 160 649 228">
     <span class='ocr_line' id='line_1_1' title="bbox 139 160 649 228; baseline -0.002 0"><span class='ocrx_word' id='word_1_1' title='bbox 139 163 199 228; x_wconf 84' lang='lat' dir='ltr'><strong>too</strong></span> <span class='ocrx_word' id='word_1_2' title='bbox 623 160 649 218; x_wconf 83' lang='lat' dir='ltr'>V</span> 
     </span>
    </p>
   </div>
   <div class='ocr_carea' id='block_1_2' title="bbox 158 327 1040 3491">
    <p class='ocr_par' dir='ltr' id='par_1_2' title="bbox 158 327 1040 3491">
     <span class='ocr_line' id='line_1_2' title="bbox 221 327 877 410; baseline -0.003 -20"><span class='ocrx_word' id='word_1_3' title='bbox 221 329 395 410; x_wconf 85' lang='lat' dir='ltr'><strong>praeclaram</strong></span> <span class='ocrx_word' id='word_1_4' title='bbox 406 327 499 388; x_wconf 89' lang='lat' dir='ltr'><strong>mundi</strong></span> <span class='ocrx_word' id='word_1_5' title='bbox 510 337 652 404; x_wconf 86' lang='lat' dir='ltr'><strong>naturam,</strong></span> <span class='ocrx_word' id='word_1_6' title='bbox 666 337 877 407; x_wconf 77' lang='lat' dir='ltr'>proptereaque</span> 
     </span>
     <span class='ocr_line' id='line_1_3' title="bbox 221 409 829 490; baseline -0.003 -18"><span class='ocrx_word' id='word_1_7' title='bbox 221 411 397 473; x_wconf 79' lang='lat' dir='ltr'><strong>adlaudabile</strong></span> <span class='ocrx_word' id='word_1_8' title='bbox 409 429 481 490; x_wconf 93' lang='lat' dir='ltr'><strong>opus</strong></span> <span class='ocrx_word' id='word_1_9' title='bbox 493 410 587 471; x_wconf 86' lang='lat' dir='ltr'><strong>divom</strong></span> <span class='ocrx_word' id='word_1_10' title='bbox 597 409 710 471; x_wconf 90' lang='lat' dir='ltr'><strong>laudare</strong></span> <span class='ocrx_word' id='word_1_11' title='bbox 723 410 829 472; x_wconf 90' lang='lat' dir='ltr'><strong>decere</strong></span> 
     </span>
     <span class='ocr_line' id='line_1_4' title="bbox 222 493 944 574; baseline -0.007 -17"><span class='ocrx_word' id='word_1_12' title='bbox 222 505 423 573; x_wconf 89' lang='lat' dir='ltr'><strong>aeternumque</strong></span> <span class='ocrx_word' id='word_1_13' title='bbox 436 504 536 574; x_wconf 90' lang='lat' dir='ltr'><strong>putare</strong></span> <span class='ocrx_word' id='word_1_14' title='bbox 548 503 633 570; x_wconf 88' lang='lat' dir='ltr'><strong>atque</strong></span> <span class='ocrx_word' id='word_1_15' title='bbox 645 493 792 555; x_wconf 79' lang='lat' dir='ltr'><strong>inmortale</strong></span> <span class='ocrx_word' id='word_1_16' title='bbox 803 493 944 571; x_wconf 85' lang='lat' dir='ltr'><strong>loturum,</strong></span> 
     </span>
     <span class='ocr_line' id='line_1_5' title="bbox 158 576 910 655; baseline -0.009 -11"><span class='ocrx_word' id='word_1_17' title='bbox 158 590 276 644; x_wconf 81' lang='lat' dir='ltr'><strong>Ilioneo</strong></span> <span class='ocrx_word' id='word_1_18' title='bbox 288 578 330 639; x_wconf 88' lang='lat' dir='ltr'><strong>las</strong></span> <span class='ocrx_word' id='word_1_19' title='bbox 346 597 432 655; x_wconf 85' lang='lat' dir='ltr'><strong>esse,</strong></span> <span class='ocrx_word' id='word_1_20' title='bbox 447 577 530 638; x_wconf 91' lang='lat' dir='ltr'><strong>deum</strong></span> <span class='ocrx_word' id='word_1_21' title='bbox 542 576 618 655; x_wconf 92' lang='lat' dir='ltr'><strong>quod</strong></span> <span class='ocrx_word' id='word_1_22' title='bbox 629 579 666 637; x_wconf 89' lang='lat' dir='ltr'><strong>sit</strong></span> <span class='ocrx_word' id='word_1_23' title='bbox 676 579 784 638; x_wconf 90' lang='lat' dir='ltr'><strong>ratione</strong></span> <span class='ocrx_word' id='word_1_24' title='bbox 798 586 910 637; x_wconf 89' lang='lat' dir='ltr'><strong>vetusta</strong></span> 
     </span>
     <span class='ocr_line' id='line_1_6' title="bbox 223 660 907 741; baseline -0.003 -19"><span class='ocrx_word' id='word_1_25' title='bbox 223 662 356 741; x_wconf 87' lang='lat' dir='ltr'><strong>gentibus</strong></span> <span class='ocrx_word' id='word_1_26' title='bbox 370 661 497 720; x_wconf 88' lang='lat' dir='ltr'><strong>humanis</strong></span> <span class='ocrx_word' id='word_1_27' title='bbox 509 660 652 721; x_wconf 87' lang='lat' dir='ltr'><strong>lundatum</strong></span> <span class='ocrx_word' id='word_1_28' title='bbox 665 671 807 739; x_wconf 86' lang='lat' dir='ltr'><strong>perpetuo</strong></span> <span class='ocrx_word' id='word_1_29' title='bbox 817 678 907 737; x_wconf 88' lang='lat' dir='ltr'><strong>aevo,</strong></span> 
     </span>
     <span class='ocr_line' id='line_1_7' title="bbox 223 742 897 822; baseline -0.007 -15"><span class='ocrx_word' id='word_1_30' title='bbox 223 745 379 807; x_wconf 88' lang='lat' dir='ltr'><strong>sollicitare</strong></span> <span class='ocrx_word' id='word_1_31' title='bbox 390 747 450 805; x_wconf 94' lang='lat' dir='ltr'><strong>suis</strong></span> <span class='ocrx_word' id='word_1_32' title='bbox 465 742 523 803; x_wconf 90' lang='lat' dir='ltr'><strong>ulla</strong></span> <span class='ocrx_word' id='word_1_33' title='bbox 532 745 561 802; x_wconf 82' lang='lat' dir='ltr'><strong>ri</strong></span> <span class='ocrx_word' id='word_1_34' title='bbox 572 762 610 803; x_wconf 87' lang='lat' dir='ltr'><strong>ex</strong></span> <span class='ocrx_word' id='word_1_35' title='bbox 620 744 737 804; x_wconf 91' lang='lat' dir='ltr'><strong>sedibus</strong></span> <span class='ocrx_word' id='word_1_36' title='bbox 749 761 897 822; x_wconf 88' lang='lat' dir='ltr'><strong>umquam,</strong></span> 
     </span>
     <span class='ocr_line' id='line_1_8' title="bbox 221 827 946 904; baseline -0.006 -15"><span class='ocrx_word' id='word_1_37' title='bbox 221 848 276 890; x_wconf 91' lang='lat' dir='ltr'><strong>nec</strong></span> <span class='ocrx_word' id='word_1_38' title='bbox 287 829 383 889; x_wconf 90' lang='lat' dir='ltr'><strong>verbis</strong></span> <span class='ocrx_word' id='word_1_39' title='bbox 399 845 505 887; x_wconf 83' lang='lat' dir='ltr'><strong>vexare</strong></span> <span class='ocrx_word' id='word_1_40' title='bbox 517 836 546 885; x_wconf 91' lang='lat' dir='ltr'><strong>et</strong></span> <span class='ocrx_word' id='word_1_41' title='bbox 558 827 593 886; x_wconf 94' lang='lat' dir='ltr'><strong>ab</strong></span> <span class='ocrx_word' id='word_1_42' title='bbox 607 829 664 886; x_wconf 92' lang='lat' dir='ltr'><strong>imo</strong></span> <span class='ocrx_word' id='word_1_43' title='bbox 675 837 808 887; x_wconf 85' lang='lat' dir='ltr'><strong>evertere</strong></span> <span class='ocrx_word' id='word_1_44' title='bbox 822 845 946 904; x_wconf 89' lang='lat' dir='ltr'><strong>summa,</strong></span> 
     </span>
     <span class='ocr_line' id='line_1_9' title="bbox 223 908 1040 991; baseline -0.002 -18"><span class='ocrx_word' id='word_1_45' title='bbox 223 923 320 973; x_wconf 90' lang='lat' dir='ltr'><strong>cetera</strong></span> <span class='ocrx_word' id='word_1_46' title='bbox 335 911 370 970; x_wconf 90' lang='lat' dir='ltr'><strong>de</strong></span> <span class='ocrx_word' id='word_1_47' title='bbox 384 929 492 988; x_wconf 87' lang='lat' dir='ltr'><strong>genere</strong></span> <span class='ocrx_word' id='word_1_48' title='bbox 502 909 558 969; x_wconf 91' lang='lat' dir='ltr'><strong>hoc</strong></span> <span class='ocrx_word' id='word_1_49' title='bbox 570 908 714 987; x_wconf 87' lang='lat' dir='ltr'><strong>adlingere</strong></span> <span class='ocrx_word' id='word_1_50' title='bbox 728 920 757 970; x_wconf 86' lang='lat' dir='ltr'><strong>et</strong></span> <span class='ocrx_word' id='word_1_51' title='bbox 769 910 891 986; x_wconf 79' lang='lat' dir='ltr'><strong>addere,</strong></span> <span class='ocrx_word' id='word_1_52' title='bbox 905 909 1040 991; x_wconf 82' lang='lat' dir='ltr'><strong>blemmi,</strong></span> 
     </span>
     <span class='ocr_line' id='line_1_10' title="bbox 159 992 961 1072; baseline -0.005 -13"><span class='ocrx_word' id='word_1_53' title='bbox 159 1006 207 1060; x_wconf 79' lang='lat'><strong>165</strong></span> <span class='ocrx_word' id='word_1_54' title='bbox 220 996 390 1072; x_wconf 90' lang='lat' dir='ltr'><strong>desiperest.</strong></span> <span class='ocrx_word' id='word_1_55' title='bbox 404 993 470 1072; x_wconf 92' lang='lat' dir='ltr'><strong>quid</strong></span> <span class='ocrx_word' id='word_1_56' title='bbox 483 995 556 1052; x_wconf 90' lang='lat' dir='ltr'><strong>enim</strong></span> <span class='ocrx_word' id='word_1_57' title='bbox 568 992 761 1054; x_wconf 75' lang='lat' dir='ltr'><strong>inmortalibus</strong></span> <span class='ocrx_word' id='word_1_58' title='bbox 772 1004 858 1072; x_wconf 87' lang='lat' dir='ltr'><strong>atque</strong></span> <span class='ocrx_word' id='word_1_59' title='bbox 869 993 961 1055; x_wconf 88' lang='lat' dir='ltr'><strong>beatis</strong></span> 
     </span>
     <span class='ocr_line' id='line_1_11' title="bbox 223 1075 867 1157; baseline -0.003 -20"><span class='ocrx_word' id='word_1_60' title='bbox 223 1081 311 1157; x_wconf 90' lang='lat' dir='ltr'><strong>gratia</strong></span> <span class='ocrx_word' id='word_1_61' title='bbox 322 1087 419 1138; x_wconf 87' lang='lat' dir='ltr'><strong>nostra</strong></span> <span class='ocrx_word' id='word_1_62' title='bbox 430 1085 515 1156; x_wconf 83' lang='lat' dir='ltr'><strong>queat</strong></span> <span class='ocrx_word' id='word_1_63' title='bbox 526 1075 656 1153; x_wconf 82' lang='lat' dir='ltr'><strong>largirier</strong></span> <span class='ocrx_word' id='word_1_64' title='bbox 666 1076 848 1137; x_wconf 85' lang='lat' dir='ltr'><strong>emolumenti</strong></span> <span class='ocrx_word' id='word_1_65' title='bbox 858 1122 867 1151; x_wconf 92' lang='lat'><strong>,</strong></span> 
     </span>
     <span class='ocr_line' id='line_1_12' title="bbox 223 1157 970 1239; baseline -0.004 -17"><span class='ocrx_word' id='word_1_66' title='bbox 223 1172 253 1222; x_wconf 91' lang='lat' dir='ltr'><strong>ut</strong></span> <span class='ocrx_word' id='word_1_67' title='bbox 265 1171 361 1221; x_wconf 81' lang='lat' dir='ltr'><strong>nostra</strong></span> <span class='ocrx_word' id='word_1_68' title='bbox 377 1161 527 1239; x_wconf 92' lang='lat' dir='ltr'><strong>quicquam</strong></span> <span class='ocrx_word' id='word_1_69' title='bbox 538 1178 623 1220; x_wconf 91' lang='lat' dir='ltr'><strong>causa</strong></span> <span class='ocrx_word' id='word_1_70' title='bbox 636 1178 739 1238; x_wconf 88' lang='lat' dir='ltr'><strong>gerere</strong></span> <span class='ocrx_word' id='word_1_71' title='bbox 751 1157 970 1237; x_wconf 79' lang='lat' dir='ltr'><strong>adgrediuntur?</strong></span> 
     </span>
     <span class='ocr_line' id='line_1_13' title="bbox 225 1245 881 1324; baseline 0 -20"><span class='ocrx_word' id='word_1_72' title='bbox 225 1245 328 1324; x_wconf 89' lang='lat' dir='ltr'><strong>quidve</strong></span> <span class='ocrx_word' id='word_1_73' title='bbox 339 1247 405 1303; x_wconf 86' lang='lat' dir='ltr'><strong>novi</strong></span> <span class='ocrx_word' id='word_1_74' title='bbox 419 1245 510 1322; x_wconf 86' lang='lat' dir='ltr'><strong>potuit</strong></span> <span class='ocrx_word' id='word_1_75' title='bbox 521 1253 599 1303; x_wconf 87' lang='lat' dir='ltr'><strong>tauto</strong></span> <span class='ocrx_word' id='word_1_76' title='bbox 610 1254 677 1321; x_wconf 91' lang='lat' dir='ltr'><strong>post</strong></span> <span class='ocrx_word' id='word_1_77' title='bbox 691 1254 757 1303; x_wconf 89' lang='lat' dir='ltr'><strong>aute</strong></span> <span class='ocrx_word' id='word_1_78' title='bbox 769 1245 881 1321; x_wconf 88' lang='lat' dir='ltr'><strong>quietos</strong></span> 
     </span>
     <span class='ocr_line' id='line_1_14' title="bbox 223 1323 906 1406; baseline -0.004 -18"><span class='ocrx_word' id='word_1_79' title='bbox 223 1328 342 1389; x_wconf 90' lang='lat' dir='ltr'><strong>inlicere</strong></span> <span class='ocrx_word' id='word_1_80' title='bbox 353 1337 383 1386; x_wconf 93' lang='lat' dir='ltr'><strong>ut</strong></span> <span class='ocrx_word' id='word_1_81' title='bbox 398 1336 537 1406; x_wconf 89' lang='lat' dir='ltr'><strong>cuperent</strong></span> <span class='ocrx_word' id='word_1_82' title='bbox 547 1330 632 1387; x_wconf 88' lang='lat' dir='ltr'><strong>vitam</strong></span> <span class='ocrx_word' id='word_1_83' title='bbox 642 1337 750 1387; x_wconf 89' lang='lat' dir='ltr'><strong>mutare</strong></span> <span class='ocrx_word' id='word_1_84' title='bbox 761 1323 906 1404; x_wconf 83' lang='lat' dir='ltr'><strong>priorem?</strong></span> 
     </span>
     <span class='ocr_line' id='line_1_15' title="bbox 162 1409 944 1489; baseline -0.006 -14"><span class='ocrx_word' id='word_1_85' title='bbox 162 1421 212 1475; x_wconf 86' lang='grc'><strong>170</strong></span> <span class='ocrx_word' id='word_1_86' title='bbox 224 1423 268 1489; x_wconf 92' lang='lat' dir='ltr'><strong>at,</strong></span> <span class='ocrx_word' id='word_1_87' title='bbox 282 1411 386 1487; x_wconf 89' lang='lat' dir='ltr'><strong>credo,</strong></span> <span class='ocrx_word' id='word_1_88' title='bbox 399 1410 565 1471; x_wconf 87' lang='lat' dir='ltr'><strong>intenebris</strong></span> <span class='ocrx_word' id='word_1_89' title='bbox 579 1412 635 1469; x_wconf 85' lang='lat' dir='ltr'><strong>vita</strong></span> <span class='ocrx_word' id='word_1_90' title='bbox 646 1428 681 1469; x_wconf 94' lang='lat' dir='ltr'><strong>ac</strong></span> <span class='ocrx_word' id='word_1_91' title='bbox 692 1427 804 1470; x_wconf 90' lang='lat' dir='ltr'><strong>merore</strong></span> <span class='ocrx_word' id='word_1_92' title='bbox 816 1409 944 1486; x_wconf 86' lang='lat' dir='ltr'><strong>iacebat,</strong></span> 
     </span>
     <span class='ocr_line' id='line_1_16' title="bbox 225 1492 779 1570; baseline -0.007 -15"><span class='ocrx_word' id='word_1_93' title='bbox 225 1496 317 1555; x_wconf 91' lang='lat' dir='ltr'><strong>donec</strong></span> <span class='ocrx_word' id='word_1_94' title='bbox 330 1492 429 1553; x_wconf 82' lang='lat' dir='ltr'><strong>diluxit</strong></span> <span class='ocrx_word' id='word_1_95' title='bbox 441 1510 535 1552; x_wconf 90' lang='lat' dir='ltr'><strong>rorum</strong></span> <span class='ocrx_word' id='word_1_96' title='bbox 545 1492 676 1570; x_wconf 90' lang='lat' dir='ltr'><strong>genitalis</strong></span> <span class='ocrx_word' id='word_1_97' title='bbox 689 1496 779 1570; x_wconf 90' lang='lat' dir='ltr'><strong>origo.</strong></span> 
     </span>
     <span class='ocr_line' id='line_1_17' title="bbox 225 1576 869 1655; baseline -0.005 -17"><span class='ocrx_word' id='word_1_98' title='bbox 225 1597 287 1638; x_wconf 88' lang='lat' dir='ltr'><strong>nam</strong></span> <span class='ocrx_word' id='word_1_99' title='bbox 301 1576 426 1655; x_wconf 87' lang='lat' dir='ltr'><strong>gaudere</strong></span> <span class='ocrx_word' id='word_1_100' title='bbox 441 1579 522 1636; x_wconf 86' lang='lat' dir='ltr'><strong>novis</strong></span> <span class='ocrx_word' id='word_1_101' title='bbox 533 1576 620 1635; x_wconf 90' lang='lat' dir='ltr'><strong>rebus</strong></span> <span class='ocrx_word' id='word_1_102' title='bbox 634 1576 741 1636; x_wconf 91' lang='lat' dir='ltr'><strong>debere</strong></span> <span class='ocrx_word' id='word_1_103' title='bbox 756 1576 869 1637; x_wconf 84' lang='lat' dir='ltr'><strong>videtur</strong></span> 
     </span>
     <span class='ocr_line' id='line_1_18' title="bbox 226 1658 909 1737; baseline -0.004 -16"><span class='ocrx_word' id='word_1_104' title='bbox 226 1664 270 1721; x_wconf 92' lang='lat' dir='ltr'><strong>cui</strong></span> <span class='ocrx_word' id='word_1_105' title='bbox 285 1670 400 1721; x_wconf 86' lang='lat' dir='ltr'><strong>veteres</strong></span> <span class='ocrx_word' id='word_1_106' title='bbox 412 1661 530 1721; x_wconf 91' lang='lat' dir='ltr'><strong>obsunt:</strong></span> <span class='ocrx_word' id='word_1_107' title='bbox 542 1659 594 1720; x_wconf 92' lang='lat' dir='ltr'><strong>sed</strong></span> <span class='ocrx_word' id='word_1_108' title='bbox 608 1661 654 1719; x_wconf 90' lang='lat' dir='ltr'><strong>cui</strong></span> <span class='ocrx_word' id='word_1_109' title='bbox 665 1658 703 1718; x_wconf 90' lang='lat' dir='ltr'><strong>nil</strong></span> <span class='ocrx_word' id='word_1_110' title='bbox 716 1659 819 1721; x_wconf 90' lang='lat' dir='ltr'><strong>accidit</strong></span> <span class='ocrx_word' id='word_1_111' title='bbox 829 1661 909 1737; x_wconf 87' lang='lat' dir='ltr'><strong>aegri</strong></span> 
     </span>
     <span class='ocr_line' id='line_1_19' title="bbox 225 1741 1028 1822; baseline 0 -17"><span class='ocrx_word' id='word_1_112' title='bbox 225 1755 354 1822; x_wconf 91' lang='lat' dir='ltr'><strong>tempore</strong></span> <span class='ocrx_word' id='word_1_113' title='bbox 365 1746 393 1802; x_wconf 90' lang='lat' dir='ltr'><strong>io</strong></span> <span class='ocrx_word' id='word_1_114' title='bbox 404 1752 552 1821; x_wconf 86' lang='lat' dir='ltr'><strong>anteacto,</strong></span> <span class='ocrx_word' id='word_1_115' title='bbox 565 1760 629 1801; x_wconf 91' lang='lat' dir='ltr'><strong>cum</strong></span> <span class='ocrx_word' id='word_1_116' title='bbox 640 1741 760 1820; x_wconf 87' lang='lat' dir='ltr'><strong>pulchre</strong></span> <span class='ocrx_word' id='word_1_117' title='bbox 773 1743 893 1821; x_wconf 77' lang='lat' dir='ltr'><strong>degeret</strong></span> <span class='ocrx_word' id='word_1_118' title='bbox 906 1760 1028 1821; x_wconf 80' lang='lat' dir='ltr'><strong>aeruna,</strong></span> 
     </span>
     <span class='ocr_line' id='line_1_20' title="bbox 165 1823 928 1907; baseline -0.008 -15"><span class='ocrx_word' id='word_1_119' title='bbox 165 1837 214 1892; x_wconf 80' lang='lat' dir='ltr'><strong>tto</strong></span> <span class='ocrx_word' id='word_1_120' title='bbox 228 1827 294 1907; x_wconf 95' lang='lat' dir='ltr'><strong>quid</strong></span> <span class='ocrx_word' id='word_1_121' title='bbox 305 1829 397 1904; x_wconf 87' lang='lat' dir='ltr'><strong>potuit</strong></span> <span class='ocrx_word' id='word_1_122' title='bbox 407 1827 538 1886; x_wconf 88' lang='lat' dir='ltr'><strong>novitatis</strong></span> <span class='ocrx_word' id='word_1_123' title='bbox 551 1842 676 1885; x_wconf 89' lang='lat' dir='ltr'><strong>amorem</strong></span> <span class='ocrx_word' id='word_1_124' title='bbox 686 1825 848 1886; x_wconf 84' lang='lat' dir='ltr'><strong>accendere</strong></span> <span class='ocrx_word' id='word_1_125' title='bbox 858 1823 928 1886; x_wconf 87' lang='lat' dir='ltr'><strong>tali‘l</strong></span> 
     </span>
     <span class='ocr_line' id='line_1_21' title="bbox 227 1906 894 1990; baseline -0.003 -20"><span class='ocrx_word' id='word_1_126' title='bbox 227 1910 330 1990; x_wconf 83' lang='lat' dir='ltr'><strong>quidve</strong></span> <span class='ocrx_word' id='word_1_127' title='bbox 341 1908 406 1968; x_wconf 90' lang='lat' dir='ltr'><strong>mali</strong></span> <span class='ocrx_word' id='word_1_128' title='bbox 418 1909 509 1970; x_wconf 89' lang='lat' dir='ltr'><strong>luerat</strong></span> <span class='ocrx_word' id='word_1_129' title='bbox 520 1910 602 1969; x_wconf 92' lang='lat' dir='ltr'><strong>uobis</strong></span> <span class='ocrx_word' id='word_1_130' title='bbox 613 1925 669 1968; x_wconf 90' lang='lat' dir='ltr'><strong>nou</strong></span> <span class='ocrx_word' id='word_1_131' title='bbox 683 1928 751 1969; x_wconf 91' lang='lat' dir='ltr'><strong>esse</strong></span> <span class='ocrx_word' id='word_1_132' title='bbox 767 1906 894 1971; x_wconf 87' lang='lat' dir='ltr'><strong>creatis?</strong></span> 
     </span>
     <span class='ocr_line' id='line_1_22' title="bbox 224 1992 944 2071; baseline -0.001 -16"><span class='ocrx_word' id='word_1_133' title='bbox 224 2005 305 2055; x_wconf 87' lang='lat' dir='ltr'><strong>natus</strong></span> <span class='ocrx_word' id='word_1_134' title='bbox 317 1995 392 2053; x_wconf 89' lang='lat' dir='ltr'><strong>enirn</strong></span> <span class='ocrx_word' id='word_1_135' title='bbox 403 1992 489 2053; x_wconf 88' lang='lat' dir='ltr'><strong>debet</strong></span> <span class='ocrx_word' id='word_1_136' title='bbox 502 1995 672 2071; x_wconf 84' lang='lat' dir='ltr'><strong>quicumque</strong></span> <span class='ocrx_word' id='word_1_137' title='bbox 685 2002 729 2054; x_wconf 87' lang='lat' dir='ltr'><strong>est</strong></span> <span class='ocrx_word' id='word_1_138' title='bbox 739 1992 817 2053; x_wconf 84' lang='lat' dir='ltr'><strong>velle</strong></span> <span class='ocrx_word' id='word_1_139' title='bbox 830 2011 944 2054; x_wconf 88' lang='lat' dir='ltr'><strong>manere</strong></span> 
     </span>
     <span class='ocr_line' id='line_1_23' title="bbox 227 2075 864 2155; baseline 0 -18"><span class='ocrx_word' id='word_1_140' title='bbox 227 2082 254 2137; x_wconf 92' lang='lat' dir='ltr'><strong>in</strong></span> <span class='ocrx_word' id='word_1_141' title='bbox 266 2081 339 2155; x_wconf 87' lang='lat' dir='ltr'><strong>vita,</strong></span> <span class='ocrx_word' id='word_1_142' title='bbox 352 2077 444 2138; x_wconf 88' lang='lat' dir='ltr'><strong>donec</strong></span> <span class='ocrx_word' id='word_1_143' title='bbox 457 2076 591 2137; x_wconf 90' lang='lat' dir='ltr'><strong>retinebit</strong></span> <span class='ocrx_word' id='word_1_144' title='bbox 602 2075 703 2136; x_wconf 92' lang='lat' dir='ltr'><strong>blanda</strong></span> <span class='ocrx_word' id='word_1_145' title='bbox 717 2075 864 2154; x_wconf 85' lang='lat' dir='ltr'><strong>voluptas:</strong></span> 
     </span>
     <span class='ocr_line' id='line_1_24' title="bbox 228 2162 874 2240; baseline -0.005 -19"><span class='ocrx_word' id='word_1_146' title='bbox 228 2165 275 2240; x_wconf 94' lang='lat' dir='ltr'><strong>qui</strong></span> <span class='ocrx_word' id='word_1_147' title='bbox 286 2179 433 2239; x_wconf 88' lang='lat' dir='ltr'><strong>numquam</strong></span> <span class='ocrx_word' id='word_1_148' title='bbox 446 2179 516 2221; x_wconf 84' lang='lat' dir='ltr'><strong>vero</strong></span> <span class='ocrx_word' id='word_1_149' title='bbox 527 2163 602 2220; x_wconf 79' lang='lat' dir='ltr'><strong>vitae</strong></span> <span class='ocrx_word' id='word_1_150' title='bbox 614 2162 739 2237; x_wconf 86' lang='lat' dir='ltr'><strong>gustavit</strong></span> <span class='ocrx_word' id='word_1_151' title='bbox 750 2177 874 2220; x_wconf 84' lang='lat' dir='ltr'><strong>amorem</strong></span> 
     </span>
     <span class='ocr_line' id='line_1_25' title="bbox 168 2240 1027 2322; baseline -0.005 -13"><span class='ocrx_word' id='word_1_152' title='bbox 168 2255 219 2309; x_wconf 84' lang='lat'><strong>180</strong></span> <span class='ocrx_word' id='word_1_153' title='bbox 230 2264 286 2305; x_wconf 92' lang='lat' dir='ltr'><strong>nec</strong></span> <span class='ocrx_word' id='word_1_154' title='bbox 301 2244 352 2304; x_wconf 90' lang='lat' dir='ltr'><strong>luit</strong></span> <span class='ocrx_word' id='word_1_155' title='bbox 365 2247 394 2303; x_wconf 93' lang='lat' dir='ltr'><strong>in</strong></span> <span class='ocrx_word' id='word_1_156' title='bbox 403 2262 537 2320; x_wconf 90' lang='lat' dir='ltr'><strong>numero,</strong></span> <span class='ocrx_word' id='word_1_157' title='bbox 552 2242 618 2322; x_wconf 94' lang='lat' dir='ltr'><strong>quid</strong></span> <span class='ocrx_word' id='word_1_158' title='bbox 632 2244 717 2303; x_wconf 90' lang='lat' dir='ltr'><strong>obest</strong></span> <span class='ocrx_word' id='word_1_159' title='bbox 731 2261 866 2304; x_wconf 78' lang='lat' dir='ltr'><strong>noneste</strong></span> <span class='ocrx_word' id='word_1_160' title='bbox 879 2240 1027 2305; x_wconf 74' lang='lat' dir='ltr'><strong>creatum?</strong></span> 
     </span>
     <span class='ocr_line' id='line_1_26' title="bbox 227 2326 863 2406; baseline -0.002 -18"><span class='ocrx_word' id='word_1_161' title='bbox 227 2326 388 2405; x_wconf 85' lang='lat' dir='ltr'><strong>exemplum</strong></span> <span class='ocrx_word' id='word_1_162' title='bbox 402 2344 489 2406; x_wconf 92' lang='lat' dir='ltr'><strong>porro</strong></span> <span class='ocrx_word' id='word_1_163' title='bbox 499 2327 651 2404; x_wconf 81' lang='lat' dir='ltr'><strong>gignundis</strong></span> <span class='ocrx_word' id='word_1_164' title='bbox 664 2327 751 2387; x_wconf 90' lang='lat' dir='ltr'><strong>rebus</strong></span> <span class='ocrx_word' id='word_1_165' title='bbox 761 2336 791 2386; x_wconf 90' lang='lat' dir='ltr'><strong>et</strong></span> <span class='ocrx_word' id='word_1_166' title='bbox 801 2329 863 2404; x_wconf 87' lang='lat' dir='ltr'><strong>ipsa</strong></span> 
     </span>
     <span class='ocr_line' id='line_1_27' title="bbox 226 2409 936 2489; baseline -0.003 -19"><span class='ocrx_word' id='word_1_167' title='bbox 226 2413 340 2470; x_wconf 88' lang='lat' dir='ltr'><strong>notities</strong></span> <span class='ocrx_word' id='word_1_168' title='bbox 356 2409 497 2469; x_wconf 90' lang='lat' dir='ltr'><strong>bominum</strong></span> <span class='ocrx_word' id='word_1_169' title='bbox 509 2410 552 2470; x_wconf 94' lang='lat' dir='ltr'><strong>dis</strong></span> <span class='ocrx_word' id='word_1_170' title='bbox 563 2409 637 2469; x_wconf 90' lang='lat' dir='ltr'><strong>unde</strong></span> <span class='ocrx_word' id='word_1_171' title='bbox 648 2420 693 2470; x_wconf 90' lang='lat' dir='ltr'><strong>est</strong></span> <span class='ocrx_word' id='word_1_172' title='bbox 703 2412 786 2470; x_wconf 90' lang='lat' dir='ltr'><strong>insita</strong></span> <span class='ocrx_word' id='word_1_173' title='bbox 799 2412 936 2489; x_wconf 88' lang='lat' dir='ltr'><strong>primum,</strong></span> 
     </span>
     <span class='ocr_line' id='line_1_28' title="bbox 228 2491 1003 2574; baseline 0.003 -22"><span class='ocrx_word' id='word_1_174' title='bbox 228 2493 293 2574; x_wconf 93' lang='lat' dir='ltr'><strong>quid</strong></span> <span class='ocrx_word' id='word_1_175' title='bbox 305 2491 413 2553; x_wconf 88' lang='lat' dir='ltr'><strong>vellent</strong></span> <span class='ocrx_word' id='word_1_176' title='bbox 425 2492 522 2552; x_wconf 88' lang='lat' dir='ltr'><strong>lacere</strong></span> <span class='ocrx_word' id='word_1_177' title='bbox 536 2501 566 2552; x_wconf 91' lang='lat' dir='ltr'><strong>ut</strong></span> <span class='ocrx_word' id='word_1_178' title='bbox 578 2495 684 2553; x_wconf 87' lang='lat' dir='ltr'><strong>scirent</strong></span> <span class='ocrx_word' id='word_1_179' title='bbox 695 2496 844 2572; x_wconf 88' lang='lat' dir='ltr'><strong>animoque</strong></span> <span class='ocrx_word' id='word_1_180' title='bbox 855 2493 1003 2570; x_wconf 80' lang='lat' dir='ltr'><strong>viderent,</strong></span> 
     </span>
     <span class='ocr_line' id='line_1_29' title="bbox 227 2575 993 2656; baseline 0.003 -21"><span class='ocrx_word' id='word_1_181' title='bbox 227 2594 321 2656; x_wconf 85' lang='lat' dir='ltr'><strong>quove</strong></span> <span class='ocrx_word' id='word_1_182' title='bbox 332 2575 444 2636; x_wconf 86' lang='lat' dir='ltr'><strong>modost</strong></span> <span class='ocrx_word' id='word_1_183' title='bbox 456 2594 584 2655; x_wconf 91' lang='lat' dir='ltr'><strong>umquam</strong></span> <span class='ocrx_word' id='word_1_184' title='bbox 595 2578 638 2636; x_wconf 86' lang='lat' dir='ltr'><strong>vis</strong></span> <span class='ocrx_word' id='word_1_185' title='bbox 653 2579 765 2654; x_wconf 87' lang='lat' dir='ltr'><strong>cognita</strong></span> <span class='ocrx_word' id='word_1_186' title='bbox 776 2579 993 2656; x_wconf 85' lang='lat' dir='ltr'><strong>principiorum,</strong></span> 
     </span>
     <span class='ocr_line' id='line_1_30' title="bbox 168 2661 946 2740; baseline 0 -20"><span class='ocrx_word' id='word_1_187' title='bbox 168 2671 214 2725; x_wconf 80' lang='lat'><strong>185</strong></span> <span class='ocrx_word' id='word_1_188' title='bbox 229 2661 352 2740; x_wconf 91' lang='lat' dir='ltr'><strong>quidque</strong></span> <span class='ocrx_word' id='word_1_189' title='bbox 365 2662 437 2721; x_wconf 89' lang='lat' dir='ltr'><strong>inter</strong></span> <span class='ocrx_word' id='word_1_190' title='bbox 449 2679 515 2720; x_wconf 91' lang='lat' dir='ltr'><strong>sese</strong></span> <span class='ocrx_word' id='word_1_191' title='bbox 527 2670 685 2738; x_wconf 87' lang='lat' dir='ltr'><strong>permutato</strong></span> <span class='ocrx_word' id='word_1_192' title='bbox 697 2661 795 2720; x_wconf 90' lang='lat' dir='ltr'><strong>ordine</strong></span> <span class='ocrx_word' id='word_1_193' title='bbox 808 2670 946 2739; x_wconf 88' lang='lat' dir='ltr'><strong>possent,</strong></span> 
     </span>
     <span class='ocr_line' id='line_1_31' title="bbox 227 2740 896 2822; baseline -0.004 -17"><span class='ocrx_word' id='word_1_194' title='bbox 227 2748 251 2805; x_wconf 94' lang='lat' dir='ltr'><strong>si</strong></span> <span class='ocrx_word' id='word_1_195' title='bbox 265 2762 320 2805; x_wconf 88' lang='lat' dir='ltr'><strong>nou</strong></span> <span class='ocrx_word' id='word_1_196' title='bbox 332 2747 393 2822; x_wconf 84' lang='lat' dir='ltr'><strong>ipsa</strong></span> <span class='ocrx_word' id='word_1_197' title='bbox 405 2744 483 2805; x_wconf 89' lang='lat' dir='ltr'><strong>dedit</strong></span> <span class='ocrx_word' id='word_1_198' title='bbox 493 2746 640 2822; x_wconf 79' lang='lat' dir='ltr'><strong>specimen</strong></span> <span class='ocrx_word' id='word_1_199' title='bbox 652 2754 749 2805; x_wconf 85' lang='lat' dir='ltr'><strong>natura</strong></span> <span class='ocrx_word' id='word_1_200' title='bbox 762 2740 896 2805; x_wconf 78' lang='lat' dir='ltr'><strong>creandi?</strong></span> 
     </span>
     <span class='ocr_line' id='line_1_32' title="bbox 228 2827 974 2907; baseline -0.003 -19"><span class='ocrx_word' id='word_1_201' title='bbox 228 2846 347 2907; x_wconf 90' lang='lat' dir='ltr'><strong>namque</strong></span> <span class='ocrx_word' id='word_1_202' title='bbox 359 2830 396 2888; x_wconf 86' lang='lat' dir='ltr'><strong>ita</strong></span> <span class='ocrx_word' id='word_1_203' title='bbox 408 2827 493 2887; x_wconf 88' lang='lat' dir='ltr'><strong>multa</strong></span> <span class='ocrx_word' id='word_1_204' title='bbox 505 2828 595 2888; x_wconf 91' lang='lat' dir='ltr'><strong>modis</strong></span> <span class='ocrx_word' id='word_1_205' title='bbox 610 2827 705 2888; x_wconf 87' lang='lat' dir='ltr'><strong>multis</strong></span> <span class='ocrx_word' id='word_1_206' title='bbox 716 2828 866 2907; x_wconf 92' lang='lat' dir='ltr'><strong>primordia</strong></span> <span class='ocrx_word' id='word_1_207' title='bbox 881 2846 974 2886; x_wconf 93' lang='lat' dir='ltr'><strong>rerum</strong></span> 
     </span>
     <span class='ocr_line' id='line_1_33' title="bbox 229 2911 817 2991; baseline 0 -20"><span class='ocrx_word' id='word_1_208' title='bbox 229 2932 266 2972; x_wconf 85' lang='lat' dir='ltr'><strong>ex</strong></span> <span class='ocrx_word' id='word_1_209' title='bbox 276 2913 383 2971; x_wconf 89' lang='lat' dir='ltr'><strong>inlinito</strong></span> <span class='ocrx_word' id='word_1_210' title='bbox 398 2913 451 2970; x_wconf 88' lang='lat' dir='ltr'><strong>iam</strong></span> <span class='ocrx_word' id='word_1_211' title='bbox 464 2921 593 2989; x_wconf 91' lang='lat' dir='ltr'><strong>tempore</strong></span> <span class='ocrx_word' id='word_1_212' title='bbox 604 2914 713 2989; x_wconf 88' lang='lat' dir='ltr'><strong>percita</strong></span> <span class='ocrx_word' id='word_1_213' title='bbox 724 2911 817 2991; x_wconf 92' lang='lat' dir='ltr'><strong>plagis</strong></span> 
     </span>
     <span class='ocr_line' id='line_1_34' title="bbox 230 2995 921 3074; baseline -0.004 -19"><span class='ocrx_word' id='word_1_214' title='bbox 230 2995 459 3074; x_wconf 89' lang='lat' dir='ltr'><strong>ponderibusque</strong></span> <span class='ocrx_word' id='word_1_215' title='bbox 471 2997 530 3054; x_wconf 91' lang='lat' dir='ltr'><strong>suis</strong></span> <span class='ocrx_word' id='word_1_216' title='bbox 543 3004 714 3054; x_wconf 87' lang='lat' dir='ltr'><strong>consuerunt</strong></span> <span class='ocrx_word' id='word_1_217' title='bbox 727 2997 839 3055; x_wconf 91' lang='lat' dir='ltr'><strong>concita</strong></span> <span class='ocrx_word' id='word_1_218' title='bbox 855 2995 921 3054; x_wconf 88' lang='lat' dir='ltr'><strong>lerri</strong></span> 
     </span>
     <span class='ocr_line' id='line_1_35' title="bbox 168 3077 976 3157; baseline -0.004 -17"><span class='ocrx_word' id='word_1_219' title='bbox 168 3088 218 3142; x_wconf 85' lang='lat'><strong>190</strong></span> <span class='ocrx_word' id='word_1_220' title='bbox 232 3077 455 3156; x_wconf 88' lang='lat' dir='ltr'><strong>omnimodisque</strong></span> <span class='ocrx_word' id='word_1_221' title='bbox 470 3079 548 3138; x_wconf 91' lang='lat' dir='ltr'><strong>coire</strong></span> <span class='ocrx_word' id='word_1_222' title='bbox 560 3088 645 3156; x_wconf 91' lang='lat' dir='ltr'><strong>atque</strong></span> <span class='ocrx_word' id='word_1_223' title='bbox 659 3082 750 3138; x_wconf 89' lang='lat' dir='ltr'><strong>omnia</strong></span> <span class='ocrx_word' id='word_1_224' title='bbox 763 3088 976 3157; x_wconf 85' lang='lat' dir='ltr'><strong>pertemptare,</strong></span> 
     </span>
     <span class='ocr_line' id='line_1_36' title="bbox 229 3163 989 3241; baseline 0.003 -22"><span class='ocrx_word' id='word_1_225' title='bbox 229 3179 424 3241; x_wconf 91' lang='lat' dir='ltr'><strong>quaecumque</strong></span> <span class='ocrx_word' id='word_1_226' title='bbox 437 3163 510 3222; x_wconf 89' lang='lat' dir='ltr'><strong>inter</strong></span> <span class='ocrx_word' id='word_1_227' title='bbox 521 3181 554 3223; x_wconf 92' lang='lat' dir='ltr'><strong>sc</strong></span> <span class='ocrx_word' id='word_1_228' title='bbox 566 3174 685 3241; x_wconf 90' lang='lat' dir='ltr'><strong>possent</strong></span> <span class='ocrx_word' id='word_1_229' title='bbox 701 3180 857 3240; x_wconf 88' lang='lat' dir='ltr'><strong>congressa</strong></span> <span class='ocrx_word' id='word_1_230' title='bbox 869 3179 989 3238; x_wconf 82' lang='lat' dir='ltr'><strong>creare,</strong></span> 
     </span>
     <span class='ocr_line' id='line_1_37' title="bbox 228 3244 851 3324; baseline 0.002 -19"><span class='ocrx_word' id='word_1_231' title='bbox 228 3256 258 3305; x_wconf 90' lang='lat' dir='ltr'><strong>ut</strong></span> <span class='ocrx_word' id='word_1_232' title='bbox 270 3262 326 3304; x_wconf 90' lang='lat' dir='ltr'><strong>non</strong></span> <span class='ocrx_word' id='word_1_233' title='bbox 338 3246 374 3304; x_wconf 92' lang='lat' dir='ltr'><strong>sit</strong></span> <span class='ocrx_word' id='word_1_234' title='bbox 384 3245 499 3322; x_wconf 88' lang='lat' dir='ltr'><strong>mirum,</strong></span> <span class='ocrx_word' id='word_1_235' title='bbox 514 3248 538 3304; x_wconf 89' lang='lat' dir='ltr'><strong>si</strong></span> <span class='ocrx_word' id='word_1_236' title='bbox 549 3248 577 3305; x_wconf 92' lang='lat' dir='ltr'><strong>in</strong></span> <span class='ocrx_word' id='word_1_237' title='bbox 589 3244 653 3306; x_wconf 89' lang='lat' dir='ltr'><strong>talis</strong></span> <span class='ocrx_word' id='word_1_238' title='bbox 665 3246 851 3324; x_wconf 86' lang='lat' dir='ltr'><strong>disposituras</strong></span> 
     </span>
     <span class='ocr_line' id='line_1_38' title="bbox 229 3327 940 3407; baseline 0.001 -19"><span class='ocrx_word' id='word_1_239' title='bbox 229 3327 395 3389; x_wconf 91' lang='lat' dir='ltr'><strong>deciderunt</strong></span> <span class='ocrx_word' id='word_1_240' title='bbox 407 3345 521 3406; x_wconf 90' lang='lat' dir='ltr'><strong>quoque</strong></span> <span class='ocrx_word' id='word_1_241' title='bbox 533 3339 563 3390; x_wconf 90' lang='lat' dir='ltr'><strong>ct</strong></span> <span class='ocrx_word' id='word_1_242' title='bbox 573 3332 601 3388; x_wconf 90' lang='lat' dir='ltr'><strong>in</strong></span> <span class='ocrx_word' id='word_1_243' title='bbox 615 3328 679 3390; x_wconf 90' lang='lat' dir='ltr'><strong>talis</strong></span> <span class='ocrx_word' id='word_1_244' title='bbox 694 3348 801 3390; x_wconf 90' lang='lat' dir='ltr'><strong>venere</strong></span> <span class='ocrx_word' id='word_1_245' title='bbox 814 3339 940 3407; x_wconf 82' lang='lat' dir='ltr'><strong>mettun,</strong></span> 
     </span>
     <span class='ocr_line' id='line_1_39' title="bbox 230 3409 1036 3491; baseline 0.005 -21"><span class='ocrx_word' id='word_1_246' title='bbox 230 3411 359 3491; x_wconf 86' lang='lat' dir='ltr'><strong>qualibus</strong></span> <span class='ocrx_word' id='word_1_247' title='bbox 373 3409 448 3469; x_wconf 87' lang='lat' dir='ltr'><strong>baec</strong></span> <span class='ocrx_word' id='word_1_248' title='bbox 459 3430 552 3471; x_wconf 90' lang='lat' dir='ltr'><strong>rerum</strong></span> <span class='ocrx_word' id='word_1_249' title='bbox 563 3417 674 3477; x_wconf 66' lang='lat' dir='ltr'><strong>aeritur</strong></span> <span class='ocrx_word' id='word_1_250' title='bbox 683 3432 758 3473; x_wconf 86' lang='lat' dir='ltr'><strong>nuuc</strong></span> <span class='ocrx_word' id='word_1_251' title='bbox 771 3431 876 3473; x_wconf 91' lang='lat' dir='ltr'><strong>summa</strong></span> <span class='ocrx_word' id='word_1_252' title='bbox 890 3412 1036 3474; x_wconf 82' lang='lat' dir='ltr'><strong>novando.</strong></span> 
     </span>
    </p>
   </div>
   <div class='ocr_carea' id='block_1_3' title="bbox 0 0 1174 3854">
    <p class='ocr_par' dir='ltr' id='par_1_3' title="bbox 0 0 1174 3854">
     <span class='ocr_line' id='line_1_40' title="bbox 0 0 1174 3854; baseline 0 0"><span class='ocrx_word' id='word_1_253' title='bbox 0 0 1174 3854; x_wconf 95' lang='lat' dir='ltr'><strong> </strong></span> 
     </span>
    </p>
   </div>
  </div>
 </body>
</html>
