2340 3854
138 168 199 234 11⁰
612 166 651 228 iv

218 355 256 396 ex
267 336 325 396 alto
339 336 457 414 primum
470 334 535 412 quia
546 336 596 394 vir
611 335 746 395 emittitur
756 350 796 394 ex
804 350 855 394 re:

216 438 279 479 nam
288 421 402 499 penitus
414 418 505 477 tinere
515 426 602 496 atque
612 417 754 479 recedere
763 415 853 477 rebus
865 415 974 482 odores

216 505 357 581 signifieat
368 500 445 581 quod
455 499 545 561 iraeta
556 502 645 578 megia
655 500 791 560 redolere
801 498 935 561 ridentur

152 596 204 652 605
216 589 324 662 omnia,
340 584 416 664 quoi
429 586 567 660 contrita,
580 583 657 662 quod
667 585 727 661 igni
736 581 935 645 eonhbeiaota

215 668 318 730 deinde
329 668 429 730 videre
440 666 512 728 lieet
521 668 676 729 maioribus
688 685 758 727 esse
773 676 899 726 orestem

214 754 362 832 principiis
373 768 540 831 quamvor,
557 753 689 830 quoniam
700 768 754 829 per
764 767 853 811 saxea
863 761 963 831 saepta

215 855 271 896 non
282 843 430 914 penetrat,
443 852 499 912 qua
508 851 567 893 vox
577 833 667 912 volgo
681 835 850 912 sonitusque
859 834 999 896 feruntur.

216 938 303 998 quare
317 921 401 978 etiam
413 917 490 996 quod
502 917 563 978 olet
572 934 630 977 non
640 927 697 978 tam
708 917 794 978 facile
806 936 874 979 esse
885 918 999 981 ridebis

149 1010 201 1066 700
213 1004 387 1079 investigare
398 1003 426 1061 in
437 1018 493 1080 qua
506 1003 544 1062 sit
555 1004 675 1079 regione
689 999 829 1062 loentum:

215 1086 379 1163 refrigeseit
388 1086 464 1145 enim
475 1085 634 1146 eunmmdo
645 1084 730 1164 plaga
739 1102 904 1165 pererras,

214 1189 270 1231 neo
284 1169 374 1230 calida
386 1168 547 1230 adsensum
560 1169 713 1231 decurrunt
726 1172 821 1230 nuntia
833 1186 938 1229 neren.

214 1264 308 1316 errant
320 1271 410 1332 saepe
422 1271 510 1315 osnes
521 1256 617 1332 itaque
629 1265 659 1315 et
669 1256 791 1331 vestigia
806 1262 954 1331 quaerunt

245 1337 259 1421 [Ι
274 1336 337 1398 Nee
349 1347 442 1398 tamen
454 1337 510 1398 boe
523 1337 593 1398 solis
605 1340 633 1398 in
644 1338 780 1398 odoribus
792 1347 877 1417 atque
889 1353 1022 1416 sapomm

151 1429 202 1485 705
213 1425 241 1483 in
253 1431 410 1502 generent,
421 1420 474 1482 sed
485 1424 553 1482 item
565 1425 682 1501 speeies
693 1439 787 1481 rerum
798 1430 884 1500 atque
900 1419 1016 1483 colores

213 1509 318 1567 nonita
330 1507 501 1566 conveniunt
512 1506 547 1565 ad
558 1525 661 1567 sensus
674 1506 803 1566 omnibus
815 1522 931 1582 omnes,

214 1600 311 1651 utnon
322 1587 451 1650 sintaliis
466 1588 604 1668 quaedam
617 1590 707 1667 magis
717 1590 793 1650 aeria
803 1591 876 1649 visu.

215 1674 377 1752 quinetiam
387 1671 511 1750 gallum,
523 1683 639 1734 noetem
650 1672 889 1751 explaudentibus
901 1669 956 1734 aiis

213 1758 342 1817 auroram
354 1755 430 1815 oiara
442 1767 610 1816 namnetum
619 1774 829 1833 veneronum,

151 1847 203 1901 710
213 1859 306 1902 noenu
322 1849 429 1918 queem
439 1839 529 1900 rabidi
542 1849 640 1900 eontra
652 1850 784 1901 oonstare
796 1838 898 1900 leones

215 1928 300 2005 inque
312 1925 400 1985 tueri:
410 1925 450 1983 ita
461 1925 595 1984 continuo
606 1925 759 1985 meminere
771 1923 866 2001 fugai,

214 2012 361 2085 nimirum,
375 2010 440 2087 quia
449 2018 514 2069 sunt
527 2007 666 2086 gallorum
677 2010 705 2068 in
717 2024 840 2086 eorpore
853 2007 990 2086 quaedam

214 2096 338 2169 semina,
351 2111 425 2172 quae
440 2109 504 2152 eum
515 2103 581 2153 sunt
591 2090 684 2153 oeulis
695 2093 811 2153 inmissa
821 2090 952 2171 leonum,

213 2177 336 2256 pupillas
349 2175 533 2238 interfodiunt
543 2194 696 2255 aeremque
709 2175 838 2237 dolorem

151 2265 202 2319 715
214 2262 369 2339 praebent,
382 2270 413 2321 ut
423 2270 566 2339 nequeant
578 2269 677 2321 eontra
688 2260 789 2322 durare
799 2260 932 2328 ieronem

215 2363 278 2404 enm
289 2356 382 2405 tamen
393 2344 467 2404 bueo
477 2353 590 2405 nostras
601 2345 680 2406 aeies
689 2343 728 2405 nii
738 2344 855 2406 laedere
866 2346 997 2423 possint,

214 2436 261 2487 aut
273 2430 338 2506 quia
348 2444 405 2487 non
415 2437 582 2505 penetrant,
594 2438 641 2488 aut
653 2429 730 2507 quod
741 2428 956 2509 penetrantibus
966 2428 1028 2491 iilis

214 2513 306 2571 exitus
319 2529 356 2570 ex
367 2509 459 2571 oeulis
471 2509 546 2571 liber
557 2512 655 2589 datur,
666 2514 695 2572 in
705 2512 875 2574 remorando

213 2593 330 2656 laedere
342 2612 378 2655 ne
389 2596 501 2674 possint
511 2613 549 2655 ex
560 2595 617 2656 ulla
630 2595 732 2658 lumina
743 2607 834 2677 parte.
851 2595 865 2680 Η

151 2683 203 2738 720
254 2677 337 2740 Nune
348 2697 420 2757 age,
434 2697 507 2758 quae
517 2691 650 2742 moveant
660 2683 779 2741 animum
789 2700 837 2743 res
848 2682 970 2760 accipe,
981 2690 1013 2743 et
1026 2682 1102 2745 mide

213 2782 285 2842 quae
296 2765 412 2825 veniunt
423 2766 537 2824 veniant
547 2766 576 2824 in
586 2775 710 2826 mentem
720 2767 842 2845 percipe
851 2766 961 2846 paucis.

212 2850 354 2927 principio
364 2849 421 2909 bne
432 2848 515 2925 dieo,
527 2867 621 2908 rerum
632 2849 782 2911 simulacra
792 2852 890 2926 vagari

212 2930 299 2992 multa
310 2932 401 2994 modis
413 2931 508 2992 multis
520 2933 549 2991 in
561 2944 678 2994 neumas
689 2933 814 3011 undique
824 2934 913 3010 partis

212 3018 323 3093 tenvia,
335 3035 408 3095 quae
419 3015 505 3077 facile
516 3017 591 3077 inter
601 3035 635 3076 se
646 3019 798 3093 iunguntur
807 3017 836 3074 in
850 3017 944 3092 auris,

150 3103 200 3158 tuo
213 3099 298 3158 obvia
310 3117 373 3159 eum
383 3102 518 3176 veniunt,
531 3110 564 3161 ut
574 3118 677 3160 aranea
688 3100 856 3177 bratteaque
866 3101 936 3160 auri.

213 3182 321 3261 quippe
333 3186 438 3243 etenim
449 3182 639 3262 multomagis
651 3184 724 3245 bueo
734 3193 800 3244 sunt
811 3185 906 3244 tenvia
917 3193 1000 3245 textu

213 3282 295 3343 quam
309 3283 381 3343 quae
393 3268 557 3346 percipiunt
567 3266 669 3328 oeulos
683 3269 831 3347 visumque
846 3265 1015 3349 lacessunt,

214 3351 345 3426 eorporis
358 3350 430 3410 haee
442 3353 573 3429 quoniam
584 3361 734 3432 penetrant
751 3370 806 3430 per
820 3370 898 3430 rara,
913 3353 1054 3434 cientque

215 3441 330 3492 tenvem
342 3436 424 3493 animi
434 3444 558 3495 naturam
570 3437 644 3497 intus
657 3455 831 3516 sensumque
843 3436 1001 3499 lacessunt.
