2340 3854
454 241 456 243 ’
570 223 582 282 1

161 396 280 468 propter
292 397 451 466 egestatem
462 387 574 465 linguae
588 397 617 448 et
629 405 723 449 rerum
735 390 903 447 novitatem:

99 481 151 534 110
166 471 217 532 sed
228 481 275 532 tua
288 490 334 532 me
352 473 442 532 virtus
456 480 549 532 tamen
561 479 590 531 et
601 480 716 550 sperata
726 471 858 549 voluptas

162 557 255 616 suavis
269 556 409 616 amicitiae
425 557 553 634 quemvis
566 555 686 615 sufferre
699 554 826 616 laborem

162 638 263 700 suadet
278 648 307 699 et
317 638 425 699 inducit
437 647 539 699 noctes
551 638 672 715 vigilare
684 656 819 715 serenas,

162 730 347 800 quaerentem
357 721 441 782 dictis
457 722 558 800 quibus
572 731 601 782 et
611 738 668 801 quo
681 724 804 782 carmine
817 722 926 782 demum

163 805 238 866 oiara
250 815 315 866 tuae
327 807 436 884 possim
446 805 643 885 praepandere
658 805 761 866 lumina
773 809 859 867 menti
866 852 875 883 ,

98 897 148 950 115
163 906 211 949 res
227 890 329 968 quibus
342 887 471 950 occultas
482 891 595 967 penitus
609 891 761 951 convisere
773 892 878 969 possis.

202 971 284 1032 Hunc
300 974 386 1049 igitur
397 981 535 1032 terrorem
545 974 627 1032 animi
642 974 834 1053 tenebrasque
845 983 996 1035 necessest

163 1075 219 1117 000
231 1055 299 1115 radii
311 1055 382 1116 solis
395 1075 489 1135 neque
502 1055 596 1116 lueida
608 1055 666 1117 tela
677 1056 734 1117 diei

162 1140 328 1217 discutiant,
342 1140 395 1202 sed
406 1151 520 1200 naturae
533 1142 649 1220 species
664 1142 802 1219 ratioque.

161 1225 329 1303 principium
341 1226 420 1284 ouius
432 1224 497 1283 hinc
512 1225 595 1284 nobis
606 1224 722 1284 exordia
734 1235 841 1299 sumet,

100 1317 149 1369 150
161 1306 265 1366 nullam
276 1325 337 1367 rem
348 1326 365 1366 e
377 1307 435 1365 niio
448 1308 527 1384 gigni
538 1307 669 1366 divinitus
682 1325 819 1385 umquam.

162 1392 268 1469 quippe
280 1392 319 1450 ita
329 1389 450 1449 formido
462 1389 588 1449 mortalis
601 1391 727 1450 continet
739 1393 846 1467 omnis,

162 1472 238 1551 quod
249 1471 336 1532 multa
347 1474 375 1531 in
386 1475 470 1533 terris
482 1473 544 1532 fieri
557 1472 697 1550 caeloque
711 1483 841 1552 tuentur,

161 1575 280 1634 quorum
292 1574 411 1635 operum
423 1574 523 1617 causas
537 1555 614 1617 nulla
624 1558 732 1617 ratione
742 1558 842 1618 videre

162 1648 282 1719 possunt
296 1657 330 1700 ac
343 1641 404 1700 (ieri
416 1640 510 1700 divino
521 1642 749 1702 nominarentur.

96 1733 146 1785 155
162 1742 231 1801 quas
247 1725 284 1784 ob
296 1743 343 1784 res
355 1723 403 1783 ubi
414 1725 567 1785 viderimus
578 1724 617 1784 011
629 1742 717 1803 posse
732 1727 821 1785 creari

163 1807 198 1869 de
209 1808 284 1885 nilo,
297 1817 355 1868 tum
366 1807 443 1887 quod
458 1811 603 1888 sequimur
613 1810 668 1868 iam
678 1810 785 1869 rectius
797 1808 862 1868 inde

163 1894 388 1971 perspiciemus,
400 1901 430 1952 et
440 1892 515 1952 unde
527 1902 612 1971 queat
622 1910 671 1952 res
683 1910 814 1971 quaeque
827 1895 916 1953 creari
1011 1952 1012 1956 ,

163 1986 191 2035 et
203 1993 260 2054 quo
272 1994 403 2054 quaeque
417 1975 502 2036 modo
515 1978 580 2037 fiant
592 1993 681 2054 opera
694 1978 756 2036 sine
772 1976 874 2035 divona.

150 2086 152 2088 ’
203 2057 274 2118 Νο10
284 2061 309 2120 si
320 2058 356 2118 de
367 2058 425 2118 nilo
438 2061 554 2134 fierent,
566 2077 603 2120 ex
614 2060 735 2119 omnibu’
747 2059 834 2118 rebus
946 2125 948 2131 ¹

97 2151 148 2205 160
165 2159 248 2202 01000
259 2160 350 2219 genus
363 2144 441 2202 nasei
453 2151 569 2220 posset,
583 2140 622 2200 nil
633 2144 741 2202 semine
753 2150 863 2218 egeret.

162 2243 267 2286 amare
283 2227 402 2304 primum
417 2224 563 2302 homines,
581 2244 598 2285 e
613 2234 688 2285 terra
700 2235 802 2303 posset
817 2227 883 2286 oriri

161 2310 370 2389 squamigerum
380 2326 472 2385 genus
484 2319 513 2370 et
524 2309 658 2370 volucres
670 2326 820 2388 erumpere
835 2307 930 2370 eaelo:

161 2401 284 2454 annenta
295 2403 380 2472 atque
393 2391 465 2453 aliae
476 2394 622 2473 pecudes,
635 2412 726 2472 genos
738 2411 821 2454 omne
834 2394 973 2471 ferarum,

161 2479 271 2538 incerto
283 2487 364 2556 partu
377 2477 453 2538 culta
464 2496 498 2538 ac
509 2477 623 2538 deserta
635 2486 781 2539 tenerent:

96 2562 146 2625 165
161 2580 216 2621 000
227 2561 337 2621 fructus
348 2560 422 2622 idem
433 2561 581 2622 arboribus
599 2571 730 2622 constare
743 2561 889 2644 solerent,

162 2643 214 2705 sed
225 2653 414 2721 mutarentur,
427 2646 503 2705 ierre
519 2662 618 2706 omues
632 2647 723 2705 omnia
733 2655 862 2724 possent.

160 2729 285 2806 qnippe,
297 2728 346 2787 ubi
356 2745 413 2787 non
425 2738 525 2790 essent
535 2728 669 2805 genitalia
685 2729 938 2806 corporeamque,

161 2812 209 2888 qui
218 2818 320 2889 posset
332 2820 421 2871 mater
431 2812 518 2872 rebus
531 2813 691 2872 consistere
709 2808 808 2872 certa?

159 2903 187 2954 at
198 2912 273 2954 0000
284 2894 438 2955 seminibus
449 2895 514 2973 quia
526 2896 613 2954 certis
625 2911 756 2974 quaeque
770 2904 916 2971 creantur,

95 2985 147 3042 170
162 2977 227 3038 inde
239 2978 382 3040 enascitur
392 2987 477 3057 atque
490 2995 554 3040 oras
565 2979 593 3038 io
604 2978 716 3039 luminis
733 2980 807 3054 exit,

158 3064 291 3124 materies
302 3063 350 3123 ubi
361 3065 435 3124 inest
445 3065 582 3141 cuiusque
594 3072 624 3125 et
635 3079 756 3142 corpora
767 3065 868 3141 prima:

158 3156 243 3225 atque
253 3146 307 3208 hac
318 3165 350 3208 re
361 3156 507 3226 nequeunt
520 3165 558 3207 ex
569 3148 698 3207 omnibus
710 3148 801 3207 omnia
812 3149 907 3226 gigni,

159 3230 236 3310 quod
247 3232 334 3292 certis
345 3232 374 3291 in
385 3232 472 3292 rebus
484 3233 559 3291 inest
570 3239 682 3292 secreta
695 3230 824 3292 facultas.

157 3324 308 3394 praeterea
319 3333 371 3376 001
379 3333 450 3376 vere
461 3332 571 3392 rosam,
584 3316 722 3377 frumenta
735 3314 849 3394 calore,

90 3405 142 3460 175
156 3399 230 3459 vites
241 3409 372 3460 autumno
384 3399 462 3459 fundi
474 3398 611 3460 suadente
623 3399 767 3477 videmos,

157 3484 265 3561 sinon,
279 3491 358 3544 certa
369 3499 421 3544 suo
434 3485 499 3562 quia
510 3491 639 3562 tempore
651 3485 757 3545 semina
769 3501 862 3544 rerum
