<?xml version="1.0" encoding="UTF-8"?>
<!DOCTYPE html PUBLIC "-//W3C//DTD XHTML 1.0 Transitional//EN"
    "http://www.w3.org/TR/xhtml1/DTD/xhtml1-transitional.dtd">
<html xmlns="http://www.w3.org/1999/xhtml" xml:lang="en" lang="en">
 <head>
  <title>
</title>
<meta http-equiv="Content-Type" content="text/html;charset=utf-8" />
  <meta name='ocr-system' content='tesseract 3.04.00' />
  <meta name='ocr-capabilities' content='ocr_page ocr_carea ocr_par ocr_line ocrx_word'/>
</head>
<body>
  <div class='ocr_page' id='page_1' title='image "./dererumnaturali05carugoog_0099.png"; bbox 0 0 2340 3854; ppageno 0'>
   <div class='ocr_carea' id='block_1_1' title="bbox 138 208 662 278">
    <p class='ocr_par' dir='ltr' id='par_1_1' title="bbox 138 208 662 278">
     <span class='ocr_line' id='line_1_1' title="bbox 138 208 662 278; baseline -0.015 -1"><span class='ocrx_word' id='word_1_1' title='bbox 138 210 182 278; x_wconf 78' lang='lat'><strong>84</strong></span> <span class='ocrx_word' id='word_1_2' title='bbox 622 208 662 269; x_wconf 90' lang='lat' dir='ltr'><strong>lil</strong></span> 
     </span>
    </p>
   </div>
   <div class='ocr_carea' id='block_1_2' title="bbox 163 365 1077 543">
    <p class='ocr_par' dir='ltr' id='par_1_2' title="bbox 163 365 1077 543">
     <span class='ocr_line' id='line_1_2' title="bbox 163 365 1077 459; baseline -0.007 -17"><span class='ocrx_word' id='word_1_3' title='bbox 163 390 215 446; x_wconf 89' lang='grc'><strong>815</strong></span> <span class='ocrx_word' id='word_1_4' title='bbox 230 381 293 459; x_wconf 86' lang='lat' dir='ltr'><strong>quis</strong></span> <span class='ocrx_word' id='word_1_5' title='bbox 304 377 387 439; x_wconf 88' lang='lat' dir='ltr'><strong>locus</strong></span> <span class='ocrx_word' id='word_1_6' title='bbox 399 385 443 437; x_wconf 89' lang='lat' dir='ltr'><strong>est</strong></span> <span class='ocrx_word' id='word_1_7' title='bbox 457 394 513 455; x_wconf 83' lang='lat' dir='ltr'><strong>quo</strong></span> <span class='ocrx_word' id='word_1_8' title='bbox 526 365 671 454; x_wconf 70' lang='lat' dir='ltr'><strong>diffugiant</strong></span> <span class='ocrx_word' id='word_1_9' title='bbox 682 392 776 454; x_wconf 87' lang='lat' dir='ltr'><strong>neque</strong></span> <span class='ocrx_word' id='word_1_10' title='bbox 789 372 911 459; x_wconf 82' lang='lat' dir='ltr'><strong>corpora</strong></span> <span class='ocrx_word' id='word_1_11' title='bbox 923 382 989 434; x_wconf 89' lang='lat' dir='ltr'><strong>sunt</strong></span> <span class='ocrx_word' id='word_1_12' title='bbox 1002 390 1077 454; x_wconf 80' lang='lat' dir='ltr'><strong>quae</strong></span> 
     </span>
     <span class='ocr_line' id='line_1_3' title="bbox 227 454 901 543; baseline -0.007 -21"><span class='ocrx_word' id='word_1_13' title='bbox 227 465 338 543; x_wconf 80' lang='lat' dir='ltr'>possint</span> <span class='ocrx_word' id='word_1_14' title='bbox 348 459 475 521; x_wconf 89' lang='lat' dir='ltr'><strong>incidere</strong></span> <span class='ocrx_word' id='word_1_15' title='bbox 488 469 517 520; x_wconf 92' lang='lat' dir='ltr'><strong>et</strong></span> <span class='ocrx_word' id='word_1_16' title='bbox 531 459 623 519; x_wconf 83' lang='lat' dir='ltr'><strong>valida</strong></span> <span class='ocrx_word' id='word_1_17' title='bbox 635 456 794 519; x_wconf 79' lang='lat' dir='ltr'>dissolvere</span> <span class='ocrx_word' id='word_1_18' title='bbox 804 454 901 537; x_wconf 67' lang='lat' dir='ltr'><strong>plaga}</strong></span> 
     </span>
    </p>
   </div>
   <div class='ocr_carea' id='block_1_3' title="bbox 165 540 995 960">
    <p class='ocr_par' dir='ltr' id='par_1_3' title="bbox 228 540 965 626">
     <span class='ocr_line' id='line_1_4' title="bbox 228 540 965 626; baseline -0.007 -20"><span class='ocrx_word' id='word_1_19' title='bbox 228 546 304 626; x_wconf 85' lang='lat' dir='ltr'><strong>qnod</strong></span> <span class='ocrx_word' id='word_1_20' title='bbox 316 549 340 606; x_wconf 93' lang='lat' dir='ltr'>si</span> <span class='ocrx_word' id='word_1_21' title='bbox 351 545 426 606; x_wconf 86' lang='lat' dir='ltr'><strong>iorte</strong></span> <span class='ocrx_word' id='word_1_22' title='bbox 437 542 503 604; x_wconf 88' lang='lat' dir='ltr'><strong>ideo</strong></span> <span class='ocrx_word' id='word_1_23' title='bbox 515 544 604 622; x_wconf 74' lang='lat' dir='ltr'><strong>magis</strong></span> <span class='ocrx_word' id='word_1_24' title='bbox 615 541 779 604; x_wconf 86' lang='lat' dir='ltr'><strong>immortalis</strong></span> <span class='ocrx_word' id='word_1_25' title='bbox 789 540 965 620; x_wconf 83' lang='lat' dir='ltr'><strong>hubendast,</strong></span> 
     </span>
    </p>

    <p class='ocr_par' dir='ltr' id='par_1_4' title="bbox 228 626 853 710">
     <span class='ocr_line' id='line_1_5' title="bbox 228 626 853 710; baseline -0.006 -22"><span class='ocrx_word' id='word_1_26' title='bbox 228 629 304 710; x_wconf 85' lang='lat' dir='ltr'><strong>quod</strong></span> <span class='ocrx_word' id='word_1_27' title='bbox 319 628 452 690; x_wconf 87' lang='lat' dir='ltr'><strong>letalibus</strong></span> <span class='ocrx_word' id='word_1_28' title='bbox 464 627 499 688; x_wconf 87' lang='lat' dir='ltr'><strong>ab</strong></span> <span class='ocrx_word' id='word_1_29' title='bbox 510 626 597 689; x_wconf 87' lang='lat' dir='ltr'><strong>rebus</strong></span> <span class='ocrx_word' id='word_1_30' title='bbox 608 629 711 688; x_wconf 88' lang='lat' dir='ltr'><strong>munita</strong></span> <span class='ocrx_word' id='word_1_31' title='bbox 723 635 853 705; x_wconf 88' lang='lat' dir='ltr'><strong>tenetur,</strong></span> 
     </span>
    </p>

    <p class='ocr_par' dir='ltr' id='par_1_5' title="bbox 165 707 976 877">
     <span class='ocr_line' id='line_1_6' title="bbox 228 707 976 792; baseline -0.004 -18"><span class='ocrx_word' id='word_1_32' title='bbox 228 723 274 774; x_wconf 92' lang='lat' dir='ltr'><strong>aut</strong></span> <span class='ocrx_word' id='word_1_33' title='bbox 287 714 352 792; x_wconf 84' lang='lat' dir='ltr'><strong>quia</strong></span> <span class='ocrx_word' id='word_1_34' title='bbox 362 731 419 774; x_wconf 93' lang='lat' dir='ltr'><strong>non</strong></span> <span class='ocrx_word' id='word_1_35' title='bbox 428 713 544 772; x_wconf 86' lang='lat' dir='ltr'><strong>veniunt</strong></span> <span class='ocrx_word' id='word_1_36' title='bbox 555 712 667 771; x_wconf 89' lang='lat' dir='ltr'><strong>omuino</strong></span> <span class='ocrx_word' id='word_1_37' title='bbox 679 709 770 771; x_wconf 92' lang='lat' dir='ltr'><strong>aliena</strong></span> <span class='ocrx_word' id='word_1_38' title='bbox 781 707 897 787; x_wconf 89' lang='lat' dir='ltr'><strong>salutis,</strong></span> <span class='ocrx_word' id='word_1_39' title='bbox 967 734 976 745; x_wconf 91' lang='lat'><strong>·</strong></span> 
     </span>
     <span class='ocr_line' id='line_1_7' title="bbox 165 789 942 877; baseline -0.008 -17"><span class='ocrx_word' id='word_1_40' title='bbox 165 807 217 862; x_wconf 72' lang='lat'><strong>8⁸20</strong></span> <span class='ocrx_word' id='word_1_41' title='bbox 228 807 276 859; x_wconf 91' lang='lat' dir='ltr'><strong>aut</strong></span> <span class='ocrx_word' id='word_1_42' title='bbox 286 799 350 877; x_wconf 85' lang='lat' dir='ltr'><strong>quia</strong></span> <span class='ocrx_word' id='word_1_43' title='bbox 362 814 434 876; x_wconf 87' lang='lat' dir='ltr'><strong>qnae</strong></span> <span class='ocrx_word' id='word_1_44' title='bbox 447 798 563 856; x_wconf 85' lang='lat' dir='ltr'><strong>veniunt</strong></span> <span class='ocrx_word' id='word_1_45' title='bbox 580 794 673 875; x_wconf 87' lang='lat' dir='ltr'><strong>aliqua</strong></span> <span class='ocrx_word' id='word_1_46' title='bbox 683 797 792 855; x_wconf 89' lang='lat' dir='ltr'><strong>ratione</strong></span> <span class='ocrx_word' id='word_1_47' title='bbox 803 789 942 855; x_wconf 82' lang='lat' dir='ltr'><strong>recedunt</strong></span> 
     </span>
    </p>

    <p class='ocr_par' dir='ltr' id='par_1_6' title="bbox 229 874 995 960">
     <span class='ocr_line' id='line_1_8' title="bbox 229 874 995 960; baseline -0.003 -20"><span class='ocrx_word' id='word_1_48' title='bbox 229 880 311 960; x_wconf 91' lang='lat' dir='ltr'><strong>pulsa</strong></span> <span class='ocrx_word' id='word_1_49' title='bbox 326 881 404 958; x_wconf 92' lang='lat' dir='ltr'><strong>prius</strong></span> <span class='ocrx_word' id='word_1_50' title='bbox 415 897 498 959; x_wconf 89' lang='lat' dir='ltr'><strong>quam</strong></span> <span class='ocrx_word' id='word_1_51' title='bbox 512 879 578 958; x_wconf 86' lang='lat' dir='ltr'><strong>quid</strong></span> <span class='ocrx_word' id='word_1_52' title='bbox 590 887 711 939; x_wconf 82' lang='lat' dir='ltr'><strong>noceant</strong></span> <span class='ocrx_word' id='word_1_53' title='bbox 725 879 831 939; x_wconf 88' lang='lat' dir='ltr'><strong>sentire</strong></span> <span class='ocrx_word' id='word_1_54' title='bbox 843 874 995 957; x_wconf 78' lang='lat' dir='ltr'>queamus,</span> 
     </span>
    </p>
   </div>
   <div class='ocr_carea' id='block_1_4' title="bbox 166 1130 1111 3391">
    <p class='ocr_par' dir='ltr' id='par_1_7' title="bbox 228 1130 1111 1296">
     <span class='ocr_line' id='line_1_9' title="bbox 231 1130 1111 1212; baseline 0 -20"><span class='ocrx_word' id='word_1_55' title='bbox 231 1132 345 1192; x_wconf 84' lang='lat' dir='ltr'><strong>advenit</strong></span> <span class='ocrx_word' id='word_1_56' title='bbox 360 1132 386 1190; x_wconf 90' lang='lat' dir='ltr'><strong>id</strong></span> <span class='ocrx_word' id='word_1_57' title='bbox 400 1132 476 1212; x_wconf 86' lang='lat' dir='ltr'><strong>quod</strong></span> <span class='ocrx_word' id='word_1_58' title='bbox 489 1149 551 1193; x_wconf 91' lang='lat' dir='ltr'><strong>eam</strong></span> <span class='ocrx_word' id='word_1_59' title='bbox 564 1130 600 1191; x_wconf 90' lang='lat' dir='ltr'><strong>de</strong></span> <span class='ocrx_word' id='word_1_60' title='bbox 612 1131 699 1192; x_wconf 90' lang='lat' dir='ltr'><strong>rebus</strong></span> <span class='ocrx_word' id='word_1_61' title='bbox 712 1149 800 1210; x_wconf 90' lang='lat' dir='ltr'><strong>saepe</strong></span> <span class='ocrx_word' id='word_1_62' title='bbox 812 1130 912 1192; x_wconf 79' lang='lat' dir='ltr'><strong>iuturi‘s</strong></span> <span class='ocrx_word' id='word_1_63' title='bbox 1109 1203 1111 1206; x_wconf 9' lang='grc' dir='ltr'><em>Α</em></span> 
     </span>
     <span class='ocr_line' id='line_1_10' title="bbox 228 1210 998 1296; baseline -0.004 -19"><span class='ocrx_word' id='word_1_64' title='bbox 228 1225 353 1277; x_wconf 82' lang='lat' dir='ltr'><strong>macerat</strong></span> <span class='ocrx_word' id='word_1_65' title='bbox 366 1217 452 1296; x_wconf 86' lang='lat' dir='ltr'><strong>inque</strong></span> <span class='ocrx_word' id='word_1_66' title='bbox 465 1225 541 1276; x_wconf 91' lang='lat' dir='ltr'><strong>metu</strong></span> <span class='ocrx_word' id='word_1_67' title='bbox 556 1214 629 1276; x_wconf 86' lang='lat' dir='ltr'><strong>male</strong></span> <span class='ocrx_word' id='word_1_68' title='bbox 639 1216 725 1276; x_wconf 89' lang='lat' dir='ltr'><strong>habet</strong></span> <span class='ocrx_word' id='word_1_69' title='bbox 739 1216 872 1294; x_wconf 88' lang='lat' dir='ltr'><strong>curisque</strong></span> <span class='ocrx_word' id='word_1_70' title='bbox 883 1210 998 1294; x_wconf 76' lang='lat' dir='ltr'><strong>fatigat,</strong></span> 
     </span>
    </p>

    <p class='ocr_par' dir='ltr' id='par_1_8' title="bbox 166 1296 1026 1548">
     <span class='ocr_line' id='line_1_11' title="bbox 166 1296 991 1380; baseline -0.006 -17"><span class='ocrx_word' id='word_1_71' title='bbox 166 1310 217 1363; x_wconf 72' lang='grc'><strong>805</strong></span> <span class='ocrx_word' id='word_1_72' title='bbox 233 1301 451 1380; x_wconf 78' lang='lat' dir='ltr'><strong>praeteritisque</strong></span> <span class='ocrx_word' id='word_1_73' title='bbox 462 1298 535 1361; x_wconf 89' lang='lat' dir='ltr'><strong>male</strong></span> <span class='ocrx_word' id='word_1_74' title='bbox 547 1299 676 1362; x_wconf 82' lang='lat' dir='ltr'>admissis</span> <span class='ocrx_word' id='word_1_75' title='bbox 689 1309 809 1379; x_wconf 88' lang='lat' dir='ltr'><strong>peecata</strong></span> <span class='ocrx_word' id='word_1_76' title='bbox 820 1296 991 1359; x_wconf 81' lang='lat' dir='ltr'><strong>remordent.</strong></span> 
     </span>
     <span class='ocr_line' id='line_1_12' title="bbox 231 1383 1026 1464; baseline 0.001 -20"><span class='ocrx_word' id='word_1_77' title='bbox 231 1385 302 1445; x_wconf 90' lang='lat' dir='ltr'><strong>adde</strong></span> <span class='ocrx_word' id='word_1_78' title='bbox 315 1385 440 1445; x_wconf 79' lang='lat' dir='ltr'><strong>furorem</strong></span> <span class='ocrx_word' id='word_1_79' title='bbox 453 1386 535 1444; x_wconf 88' lang='lat' dir='ltr'><strong>animi</strong></span> <span class='ocrx_word' id='word_1_80' title='bbox 547 1387 692 1464; x_wconf 91' lang='lat' dir='ltr'><strong>proprium</strong></span> <span class='ocrx_word' id='word_1_81' title='bbox 703 1392 788 1464; x_wconf 87' lang='lat' dir='ltr'><strong>atque</strong></span> <span class='ocrx_word' id='word_1_82' title='bbox 801 1383 905 1444; x_wconf 88' lang='lat' dir='ltr'><strong>oblivia</strong></span> <span class='ocrx_word' id='word_1_83' title='bbox 915 1400 1026 1462; x_wconf 88' lang='lat' dir='ltr'><strong>rerum,</strong></span> 
     </span>
     <span class='ocr_line' id='line_1_13' title="bbox 232 1467 928 1548; baseline -0.001 -20"><span class='ocrx_word' id='word_1_84' title='bbox 232 1468 304 1528; x_wconf 86' lang='lat' dir='ltr'><strong>adde</strong></span> <span class='ocrx_word' id='word_1_85' title='bbox 316 1468 392 1547; x_wconf 82' lang='lat' dir='ltr'><strong>qnod</strong></span> <span class='ocrx_word' id='word_1_86' title='bbox 404 1470 431 1527; x_wconf 93' lang='lat' dir='ltr'><strong>in</strong></span> <span class='ocrx_word' id='word_1_87' title='bbox 443 1469 537 1545; x_wconf 83' lang='lat' dir='ltr'><strong>nigras</strong></span> <span class='ocrx_word' id='word_1_88' title='bbox 550 1467 671 1548; x_wconf 79' lang='lat' dir='ltr'><strong>lethargi</strong></span> <span class='ocrx_word' id='word_1_89' title='bbox 683 1469 820 1547; x_wconf 80' lang='lat' dir='ltr'><strong>mergitur</strong></span> <span class='ocrx_word' id='word_1_90' title='bbox 831 1468 928 1529; x_wconf 89' lang='lat' dir='ltr'><strong>undas.</strong></span> 
     </span>
    </p>

    <p class='ocr_par' dir='ltr' id='par_1_9' title="bbox 231 1547 1025 1715">
     <span class='ocr_line' id='line_1_14' title="bbox 272 1547 1025 1631; baseline -0.001 -21"><span class='ocrx_word' id='word_1_91' title='bbox 272 1550 318 1611; x_wconf 89' lang='lat' dir='ltr'><strong>Nil</strong></span> <span class='ocrx_word' id='word_1_92' title='bbox 331 1552 416 1630; x_wconf 80' lang='lat' dir='ltr'><strong>igitur</strong></span> <span class='ocrx_word' id='word_1_93' title='bbox 426 1569 503 1612; x_wconf 90' lang='lat' dir='ltr'><strong>mors</strong></span> <span class='ocrx_word' id='word_1_94' title='bbox 515 1561 561 1612; x_wconf 90' lang='lat' dir='ltr'><strong>est</strong></span> <span class='ocrx_word' id='word_1_95' title='bbox 571 1551 606 1611; x_wconf 90' lang='lat' dir='ltr'><strong>ad</strong></span> <span class='ocrx_word' id='word_1_96' title='bbox 617 1566 671 1613; x_wconf 92' lang='lat' dir='ltr'><strong>nos</strong></span> <span class='ocrx_word' id='word_1_97' title='bbox 682 1570 777 1631; x_wconf 86' lang='lat' dir='ltr'><strong>neque</strong></span> <span class='ocrx_word' id='word_1_98' title='bbox 788 1547 912 1631; x_wconf 87' lang='lat' dir='ltr'><strong>pertinet</strong></span> <span class='ocrx_word' id='word_1_99' title='bbox 921 1549 1025 1630; x_wconf 83' lang='lat' dir='ltr'><strong>hilum,</strong></span> 
     </span>
     <span class='ocr_line' id='line_1_15' title="bbox 231 1633 938 1715; baseline 0 -21"><span class='ocrx_word' id='word_1_100' title='bbox 231 1633 458 1715; x_wconf 84' lang='lat' dir='ltr'><strong>quandoquidem</strong></span> <span class='ocrx_word' id='word_1_101' title='bbox 469 1645 566 1696; x_wconf 85' lang='lat' dir='ltr'><strong>natura</strong></span> <span class='ocrx_word' id='word_1_102' title='bbox 579 1637 662 1696; x_wconf 82' lang='lat' dir='ltr'><strong>animi</strong></span> <span class='ocrx_word' id='word_1_103' title='bbox 673 1634 798 1696; x_wconf 88' lang='lat' dir='ltr'><strong>mortalis</strong></span> <span class='ocrx_word' id='word_1_104' title='bbox 810 1635 938 1697; x_wconf 81' lang='lat' dir='ltr'><strong>liabetur.</strong></span> 
     </span>
    </p>

    <p class='ocr_par' dir='ltr' id='par_1_10' title="bbox 167 1716 960 2135">
     <span class='ocr_line' id='line_1_16' title="bbox 167 1716 960 1798; baseline -0.005 -16"><span class='ocrx_word' id='word_1_105' title='bbox 167 1727 220 1782; x_wconf 82' lang='grc'><strong>880</strong></span> <span class='ocrx_word' id='word_1_106' title='bbox 232 1729 260 1779; x_wconf 94' lang='lat' dir='ltr'><strong>et</strong></span> <span class='ocrx_word' id='word_1_107' title='bbox 271 1718 350 1779; x_wconf 86' lang='lat' dir='ltr'><strong>velut</strong></span> <span class='ocrx_word' id='word_1_108' title='bbox 361 1727 425 1779; x_wconf 91' lang='lat' dir='ltr'><strong>ante</strong></span> <span class='ocrx_word' id='word_1_109' title='bbox 437 1729 502 1780; x_wconf 87' lang='lat' dir='ltr'><strong>acto</strong></span> <span class='ocrx_word' id='word_1_110' title='bbox 514 1719 553 1779; x_wconf 96' lang='lat' dir='ltr'><strong>nil</strong></span> <span class='ocrx_word' id='word_1_111' title='bbox 565 1728 696 1797; x_wconf 89' lang='lat' dir='ltr'><strong>tempore</strong></span> <span class='ocrx_word' id='word_1_112' title='bbox 708 1721 850 1781; x_wconf 86' lang='lat' dir='ltr'><strong>sensimus</strong></span> <span class='ocrx_word' id='word_1_113' title='bbox 862 1716 960 1798; x_wconf 58' lang='lat' dir='ltr'><strong>aegri,</strong></span> 
     </span>
     <span class='ocr_line' id='line_1_17' title="bbox 231 1801 951 1882; baseline 0.006 -20"><span class='ocrx_word' id='word_1_114' title='bbox 231 1802 266 1862; x_wconf 86' lang='lat' dir='ltr'><strong>ad</strong></span> <span class='ocrx_word' id='word_1_115' title='bbox 279 1801 488 1879; x_wconf 83' lang='lat' dir='ltr'><strong>confligendum</strong></span> <span class='ocrx_word' id='word_1_116' title='bbox 500 1803 679 1865; x_wconf 77' lang='lat' dir='ltr'><strong>uenientibus</strong></span> <span class='ocrx_word' id='word_1_117' title='bbox 692 1803 815 1882; x_wconf 85' lang='lat' dir='ltr'><strong>undique</strong></span> <span class='ocrx_word' id='word_1_118' title='bbox 829 1803 951 1882; x_wconf 87' lang='lat' dir='ltr'>Poenis,</span> 
     </span>
     <span class='ocr_line' id='line_1_18' title="bbox 231 1883 887 1966; baseline 0.003 -21"><span class='ocrx_word' id='word_1_119' title='bbox 231 1888 322 1946; x_wconf 86' lang='lat' dir='ltr'><strong>omnia</strong></span> <span class='ocrx_word' id='word_1_120' title='bbox 335 1905 398 1946; x_wconf 91' lang='lat' dir='ltr'><strong>cnm</strong></span> <span class='ocrx_word' id='word_1_121' title='bbox 409 1885 479 1948; x_wconf 90' lang='lat' dir='ltr'><strong>belli</strong></span> <span class='ocrx_word' id='word_1_122' title='bbox 490 1883 603 1966; x_wconf 91' lang='lat' dir='ltr'><strong>trepido</strong></span> <span class='ocrx_word' id='word_1_123' title='bbox 616 1906 757 1949; x_wconf 87' lang='lat' dir='ltr'><strong>concussa</strong></span> <span class='ocrx_word' id='word_1_124' title='bbox 769 1887 887 1948; x_wconf 89' lang='lat' dir='ltr'><strong>tumultu</strong></span> 
     </span>
     <span class='ocr_line' id='line_1_19' title="bbox 231 1970 923 2050; baseline 0.004 -20"><span class='ocrx_word' id='word_1_125' title='bbox 231 1970 344 2030; x_wconf 86' lang='lat' dir='ltr'><strong>horrida</strong></span> <span class='ocrx_word' id='word_1_126' title='bbox 357 1979 554 2032; x_wconf 78' lang='lat' dir='ltr'><strong>contremuere</strong></span> <span class='ocrx_word' id='word_1_127' title='bbox 567 1970 696 2033; x_wconf 86' lang='lat' dir='ltr'><strong>sabaitis</strong></span> <span class='ocrx_word' id='word_1_128' title='bbox 708 1971 832 2033; x_wconf 87' lang='lat' dir='ltr'><strong>aetheris</strong></span> <span class='ocrx_word' id='word_1_129' title='bbox 848 1975 923 2050; x_wconf 78' lang='lat' dir='ltr'><strong>oris,</strong></span> 
     </span>
     <span class='ocr_line' id='line_1_20' title="bbox 230 2055 957 2135; baseline 0.006 -22"><span class='ocrx_word' id='word_1_130' title='bbox 230 2058 258 2114; x_wconf 95' lang='lat' dir='ltr'><strong>in</strong></span> <span class='ocrx_word' id='word_1_131' title='bbox 271 2055 413 2134; x_wconf 87' lang='lat' dir='ltr'><strong>dubioque</strong></span> <span class='ocrx_word' id='word_1_132' title='bbox 425 2056 507 2116; x_wconf 79' lang='lat' dir='ltr'><strong>luere</strong></span> <span class='ocrx_word' id='word_1_133' title='bbox 519 2065 644 2118; x_wconf 88' lang='lat' dir='ltr'><strong>utrorum</strong></span> <span class='ocrx_word' id='word_1_134' title='bbox 655 2056 690 2116; x_wconf 86' lang='lat' dir='ltr'><strong>ad</strong></span> <span class='ocrx_word' id='word_1_135' title='bbox 701 2073 789 2135; x_wconf 82' lang='lat' dir='ltr'><strong>regna</strong></span> <span class='ocrx_word' id='word_1_136' title='bbox 802 2056 957 2117; x_wconf 88' lang='lat' dir='ltr'><strong>cadendum</strong></span> 
     </span>
    </p>

    <p class='ocr_par' dir='ltr' id='par_1_11' title="bbox 167 2138 1060 2556">
     <span class='ocr_line' id='line_1_21' title="bbox 167 2138 891 2220; baseline 0.001 -20"><span class='ocrx_word' id='word_1_137' title='bbox 167 2146 219 2200; x_wconf 81' lang='grc'><strong>835</strong></span> <span class='ocrx_word' id='word_1_138' title='bbox 232 2140 361 2200; x_wconf 89' lang='lat' dir='ltr'><strong>omnibus</strong></span> <span class='ocrx_word' id='word_1_139' title='bbox 373 2138 500 2200; x_wconf 88' lang='lat' dir='ltr'><strong>humanis</strong></span> <span class='ocrx_word' id='word_1_140' title='bbox 513 2150 593 2202; x_wconf 88' lang='lat' dir='ltr'><strong>esset</strong></span> <span class='ocrx_word' id='word_1_141' title='bbox 604 2150 737 2220; x_wconf 88' lang='lat' dir='ltr'><strong>terraque</strong></span> <span class='ocrx_word' id='word_1_142' title='bbox 749 2141 891 2220; x_wconf 83' lang='lat' dir='ltr'><strong>marique,</strong></span> 
     </span>
     <span class='ocr_line' id='line_1_22' title="bbox 231 2224 982 2305; baseline 0.004 -22"><span class='ocrx_word' id='word_1_143' title='bbox 231 2225 274 2283; x_wconf 89' lang='lat' dir='ltr'><strong>sic</strong></span> <span class='ocrx_word' id='word_1_144' title='bbox 284 2269 292 2301; x_wconf 88' lang='lat'>,</span> <span class='ocrx_word' id='word_1_145' title='bbox 304 2224 353 2283; x_wconf 86' lang='lat' dir='ltr'><strong>uhi</strong></span> <span class='ocrx_word' id='word_1_146' title='bbox 365 2239 421 2282; x_wconf 93' lang='lat' dir='ltr'><strong>non</strong></span> <span class='ocrx_word' id='word_1_147' title='bbox 434 2225 555 2302; x_wconf 86' lang='lat' dir='ltr'><strong>erimus,</strong></span> <span class='ocrx_word' id='word_1_148' title='bbox 570 2243 633 2285; x_wconf 91' lang='lat' dir='ltr'><strong>cum</strong></span> <span class='ocrx_word' id='word_1_149' title='bbox 646 2226 775 2305; x_wconf 90' lang='lat' dir='ltr'><strong>corporis</strong></span> <span class='ocrx_word' id='word_1_150' title='bbox 787 2234 872 2304; x_wconf 88' lang='lat' dir='ltr'><strong>atque</strong></span> <span class='ocrx_word' id='word_1_151' title='bbox 884 2227 982 2286; x_wconf 87' lang='lat' dir='ltr'><strong>animai</strong></span> 
     </span>
     <span class='ocr_line' id='line_1_23' title="bbox 231 2306 943 2389; baseline 0.007 -24"><span class='ocrx_word' id='word_1_152' title='bbox 231 2306 379 2366; x_wconf 87' lang='lat' dir='ltr'><strong>discidium</strong></span> <span class='ocrx_word' id='word_1_153' title='bbox 393 2306 495 2384; x_wconf 85' lang='lat' dir='ltr'><strong>luerit,</strong></span> <span class='ocrx_word' id='word_1_154' title='bbox 508 2309 610 2385; x_wconf 87' lang='lat' dir='ltr'><strong>quibus</strong></span> <span class='ocrx_word' id='word_1_155' title='bbox 626 2327 643 2368; x_wconf 93' lang='lat' dir='ltr'><strong>e</strong></span> <span class='ocrx_word' id='word_1_156' title='bbox 657 2327 753 2369; x_wconf 91' lang='lat' dir='ltr'><strong>sumus</strong></span> <span class='ocrx_word' id='word_1_157' title='bbox 765 2310 859 2369; x_wconf 89' lang='lat' dir='ltr'><strong>uniter</strong></span> <span class='ocrx_word' id='word_1_158' title='bbox 868 2312 943 2389; x_wconf 81' lang='lat' dir='ltr'><strong>apti,</strong></span> 
     </span>
     <span class='ocr_line' id='line_1_24' title="bbox 230 2388 1060 2473; baseline 0.005 -23"><span class='ocrx_word' id='word_1_159' title='bbox 230 2388 361 2467; x_wconf 85' lang='lat' dir='ltr'><strong>seilicet,</strong></span> <span class='ocrx_word' id='word_1_160' title='bbox 375 2389 448 2449; x_wconf 87' lang='lat' dir='ltr'><strong>haud</strong></span> <span class='ocrx_word' id='word_1_161' title='bbox 458 2390 541 2452; x_wconf 91' lang='lat' dir='ltr'><strong>nobis</strong></span> <span class='ocrx_word' id='word_1_162' title='bbox 558 2393 724 2471; x_wconf 85' lang='lat' dir='ltr'><strong>quiequam,</strong></span> <span class='ocrx_word' id='word_1_163' title='bbox 739 2394 786 2470; x_wconf 91' lang='lat' dir='ltr'><strong>qui</strong></span> <span class='ocrx_word' id='word_1_164' title='bbox 797 2410 854 2453; x_wconf 94' lang='lat' dir='ltr'><strong>non</strong></span> <span class='ocrx_word' id='word_1_165' title='bbox 866 2396 970 2456; x_wconf 90' lang='lat' dir='ltr'><strong>erimus</strong></span> <span class='ocrx_word' id='word_1_166' title='bbox 982 2401 1060 2473; x_wconf 82' lang='lat' dir='ltr'><strong>tum,</strong></span> 
     </span>
     <span class='ocr_line' id='line_1_25' title="bbox 231 2473 941 2556; baseline 0.008 -24"><span class='ocrx_word' id='word_1_167' title='bbox 231 2473 364 2533; x_wconf 87' lang='lat' dir='ltr'><strong>accidere</strong></span> <span class='ocrx_word' id='word_1_168' title='bbox 378 2475 490 2533; x_wconf 88' lang='lat' dir='ltr'><strong>omnino</strong></span> <span class='ocrx_word' id='word_1_169' title='bbox 503 2477 609 2552; x_wconf 89' lang='lat' dir='ltr'><strong>poterit</strong></span> <span class='ocrx_word' id='word_1_170' title='bbox 621 2495 793 2555; x_wconf 87' lang='lat' dir='ltr'><strong>sensumque</strong></span> <span class='ocrx_word' id='word_1_171' title='bbox 806 2494 941 2556; x_wconf 86' lang='lat' dir='ltr'><strong>movere,</strong></span> 
     </span>
    </p>

    <p class='ocr_par' dir='ltr' id='par_1_12' title="bbox 168 2558 956 2975">
     <span class='ocr_line' id='line_1_26' title="bbox 168 2558 902 2622; baseline 0 -2"><span class='ocrx_word' id='word_1_172' title='bbox 168 2565 220 2620; x_wconf 75' lang='lat' dir='ltr'><strong>eto</strong></span> <span class='ocrx_word' id='word_1_173' title='bbox 233 2575 288 2616; x_wconf 95' lang='lat' dir='ltr'><strong>non</strong></span> <span class='ocrx_word' id='word_1_174' title='bbox 300 2558 325 2616; x_wconf 92' lang='lat' dir='ltr'>si</span> <span class='ocrx_word' id='word_1_175' title='bbox 337 2566 411 2616; x_wconf 93' lang='lat' dir='ltr'><strong>terra</strong></span> <span class='ocrx_word' id='word_1_176' title='bbox 423 2558 490 2616; x_wconf 90' lang='lat' dir='ltr'><strong>mari</strong></span> <span class='ocrx_word' id='word_1_177' title='bbox 501 2559 668 2620; x_wconf 83' lang='lat' dir='ltr'><strong>miscebitur</strong></span> <span class='ocrx_word' id='word_1_178' title='bbox 679 2569 708 2620; x_wconf 91' lang='lat' dir='ltr'><strong>et</strong></span> <span class='ocrx_word' id='word_1_179' title='bbox 720 2578 795 2621; x_wconf 87' lang='lat' dir='ltr'><strong>mare</strong></span> <span class='ocrx_word' id='word_1_180' title='bbox 810 2561 902 2622; x_wconf 88' lang='lat' dir='ltr'><strong>caelo.</strong></span> 
     </span>
     <span class='ocr_line' id='line_1_27' title="bbox 231 2640 937 2724; baseline 0.001 -21"><span class='ocrx_word' id='word_1_181' title='bbox 231 2643 295 2703; x_wconf 91' lang='lat' dir='ltr'><strong>etsi</strong></span> <span class='ocrx_word' id='word_1_182' title='bbox 310 2642 363 2702; x_wconf 92' lang='lat' dir='ltr'><strong>iam</strong></span> <span class='ocrx_word' id='word_1_183' title='bbox 373 2650 472 2702; x_wconf 91' lang='lat' dir='ltr'><strong>nostro</strong></span> <span class='ocrx_word' id='word_1_184' title='bbox 485 2645 571 2704; x_wconf 89' lang='lat' dir='ltr'><strong>sentit</strong></span> <span class='ocrx_word' id='word_1_185' title='bbox 586 2640 622 2704; x_wconf 89' lang='lat' dir='ltr'><strong>de</strong></span> <span class='ocrx_word' id='word_1_186' title='bbox 635 2663 757 2723; x_wconf 90' lang='lat' dir='ltr'><strong>corpore</strong></span> <span class='ocrx_word' id='word_1_187' title='bbox 767 2691 776 2723; x_wconf 82' lang='grc'><em>,</em></span> <span class='ocrx_word' id='word_1_188' title='bbox 788 2655 937 2724; x_wconf 88' lang='lat' dir='ltr'><strong>postquam</strong></span> 
     </span>
     <span class='ocr_line' id='line_1_28' title="bbox 232 2727 949 2809; baseline 0.004 -24"><span class='ocrx_word' id='word_1_189' title='bbox 232 2727 411 2803; x_wconf 83' lang='lat' dir='ltr'><strong>distractast,</strong></span> <span class='ocrx_word' id='word_1_190' title='bbox 423 2728 506 2787; x_wconf 89' lang='lat' dir='ltr'><strong>animi</strong></span> <span class='ocrx_word' id='word_1_191' title='bbox 517 2738 613 2789; x_wconf 90' lang='lat' dir='ltr'><strong>natura</strong></span> <span class='ocrx_word' id='word_1_192' title='bbox 625 2730 790 2809; x_wconf 86' lang='lat' dir='ltr'><strong>animaeque</strong></span> <span class='ocrx_word' id='word_1_193' title='bbox 803 2736 949 2808; x_wconf 87' lang='lat' dir='ltr'><strong>potestas,</strong></span> 
     </span>
     <span class='ocr_line' id='line_1_29' title="bbox 230 2809 952 2893; baseline 0 -23"><span class='ocrx_word' id='word_1_194' title='bbox 230 2809 269 2870; x_wconf 91' lang='lat' dir='ltr'><strong>nii</strong></span> <span class='ocrx_word' id='word_1_195' title='bbox 281 2818 374 2871; x_wconf 86' lang='lat' dir='ltr'><strong>tamen</strong></span> <span class='ocrx_word' id='word_1_196' title='bbox 389 2819 434 2872; x_wconf 89' lang='lat' dir='ltr'><strong>est</strong></span> <span class='ocrx_word' id='word_1_197' title='bbox 445 2811 480 2871; x_wconf 90' lang='lat' dir='ltr'><strong>ad</strong></span> <span class='ocrx_word' id='word_1_198' title='bbox 491 2829 559 2892; x_wconf 86' lang='lat' dir='ltr'><strong>nos,</strong></span> <span class='ocrx_word' id='word_1_199' title='bbox 573 2817 620 2893; x_wconf 85' lang='lat' dir='ltr'><strong>qui</strong></span> <span class='ocrx_word' id='word_1_200' title='bbox 633 2823 748 2893; x_wconf 87' lang='lat' dir='ltr'><strong>comptu</strong></span> <span class='ocrx_word' id='word_1_201' title='bbox 761 2815 952 2892; x_wconf 80' lang='lat' dir='ltr'><strong>coniugioque</strong></span> 
     </span>
     <span class='ocr_line' id='line_1_30' title="bbox 232 2896 956 2975; baseline -0.006 -20"><span class='ocrx_word' id='word_1_202' title='bbox 232 2896 361 2971; x_wconf 92' lang='lat' dir='ltr'><strong>corporis</strong></span> <span class='ocrx_word' id='word_1_203' title='bbox 375 2905 459 2975; x_wconf 88' lang='lat' dir='ltr'><strong>atque</strong></span> <span class='ocrx_word' id='word_1_204' title='bbox 472 2900 579 2957; x_wconf 88' lang='lat' dir='ltr'><strong>animae</strong></span> <span class='ocrx_word' id='word_1_205' title='bbox 591 2898 771 2958; x_wconf 83' lang='lat' dir='ltr'><strong>consistimus</strong></span> <span class='ocrx_word' id='word_1_206' title='bbox 783 2898 875 2954; x_wconf 92' lang='lat' dir='ltr'><strong>uniter</strong></span> <span class='ocrx_word' id='word_1_207' title='bbox 889 2896 956 2970; x_wconf 91' lang='lat' dir='ltr'><strong>apti.</strong></span> 
     </span>
    </p>

    <p class='ocr_par' dir='ltr' id='par_1_13' title="bbox 166 2978 1053 3391">
     <span class='ocr_line' id='line_1_31' title="bbox 166 2978 889 3056; baseline -0.003 -18"><span class='ocrx_word' id='word_1_208' title='bbox 166 2984 218 3038; x_wconf 76' lang='lat'><strong>845</strong></span> <span class='ocrx_word' id='word_1_209' title='bbox 232 2996 303 3056; x_wconf 85' lang='lat' dir='ltr'><strong>nec,</strong></span> <span class='ocrx_word' id='word_1_210' title='bbox 316 2981 341 3038; x_wconf 94' lang='lat' dir='ltr'>si</span> <span class='ocrx_word' id='word_1_211' title='bbox 354 2981 498 3039; x_wconf 83' lang='lat' dir='ltr'><strong>materiem</strong></span> <span class='ocrx_word' id='word_1_212' title='bbox 509 2989 633 3041; x_wconf 90' lang='lat' dir='ltr'><strong>nostram</strong></span> <span class='ocrx_word' id='word_1_213' title='bbox 647 2978 798 3056; x_wconf 83' lang='lat' dir='ltr'><strong>collegerit</strong></span> <span class='ocrx_word' id='word_1_214' title='bbox 810 2987 889 3037; x_wconf 87' lang='lat' dir='ltr'><strong>aetas</strong></span> 
     </span>
     <span class='ocr_line' id='line_1_32' title="bbox 230 3062 1020 3140; baseline -0.003 -19"><span class='ocrx_word' id='word_1_215' title='bbox 230 3071 296 3139; x_wconf 93' lang='lat' dir='ltr'><strong>post</strong></span> <span class='ocrx_word' id='word_1_216' title='bbox 309 3063 416 3122; x_wconf 89' lang='lat' dir='ltr'><strong>obitum</strong></span> <span class='ocrx_word' id='word_1_217' title='bbox 428 3081 595 3140; x_wconf 89' lang='lat' dir='ltr'><strong>rursumque</strong></span> <span class='ocrx_word' id='word_1_218' title='bbox 605 3062 750 3139; x_wconf 79' lang='lat' dir='ltr'><strong>redegerit</strong></span> <span class='ocrx_word' id='word_1_219' title='bbox 762 3070 791 3119; x_wconf 91' lang='lat' dir='ltr'><strong>ut</strong></span> <span class='ocrx_word' id='word_1_220' title='bbox 804 3063 857 3121; x_wconf 89' lang='lat' dir='ltr'><strong>sita</strong></span> <span class='ocrx_word' id='word_1_221' title='bbox 869 3078 943 3119; x_wconf 91' lang='lat' dir='ltr'><strong>nune</strong></span> <span class='ocrx_word' id='word_1_222' title='bbox 958 3070 1020 3138; x_wconf 87' lang='lat' dir='ltr'><strong>est,</strong></span> 
     </span>
     <span class='ocr_line' id='line_1_33' title="bbox 229 3143 927 3225; baseline 0.001 -21"><span class='ocrx_word' id='word_1_223' title='bbox 229 3155 314 3225; x_wconf 88' lang='lat' dir='ltr'><strong>atque</strong></span> <span class='ocrx_word' id='word_1_224' title='bbox 325 3147 426 3206; x_wconf 91' lang='lat' dir='ltr'><strong>iterum</strong></span> <span class='ocrx_word' id='word_1_225' title='bbox 436 3147 519 3206; x_wconf 93' lang='lat' dir='ltr'><strong>nobis</strong></span> <span class='ocrx_word' id='word_1_226' title='bbox 531 3146 635 3206; x_wconf 84' lang='lat' dir='ltr'><strong>luerint</strong></span> <span class='ocrx_word' id='word_1_227' title='bbox 647 3144 709 3206; x_wconf 87' lang='lat' dir='ltr'><strong>data</strong></span> <span class='ocrx_word' id='word_1_228' title='bbox 721 3143 824 3204; x_wconf 91' lang='lat' dir='ltr'><strong>lumina</strong></span> <span class='ocrx_word' id='word_1_229' title='bbox 834 3146 927 3224; x_wconf 83' lang='lat' dir='ltr'><strong>vitae,</strong></span> 
     </span>
     <span class='ocr_line' id='line_1_34' title="bbox 229 3227 1053 3311; baseline 0.001 -22"><span class='ocrx_word' id='word_1_230' title='bbox 229 3231 371 3307; x_wconf 89' lang='lat' dir='ltr'><strong>pertineat</strong></span> <span class='ocrx_word' id='word_1_231' title='bbox 383 3232 534 3310; x_wconf 90' lang='lat' dir='ltr'><strong>quiequam</strong></span> <span class='ocrx_word' id='word_1_232' title='bbox 545 3239 639 3289; x_wconf 85' lang='lat' dir='ltr'><strong>tamen</strong></span> <span class='ocrx_word' id='word_1_233' title='bbox 650 3229 685 3288; x_wconf 89' lang='lat' dir='ltr'><strong>ad</strong></span> <span class='ocrx_word' id='word_1_234' title='bbox 696 3246 749 3289; x_wconf 92' lang='lat' dir='ltr'><strong>nos</strong></span> <span class='ocrx_word' id='word_1_235' title='bbox 762 3229 789 3289; x_wconf 87' lang='lat' dir='ltr'><strong>id</strong></span> <span class='ocrx_word' id='word_1_236' title='bbox 802 3247 917 3309; x_wconf 84' lang='lat' dir='ltr'><strong>quoque</strong></span> <span class='ocrx_word' id='word_1_237' title='bbox 929 3227 1053 3311; x_wconf 83' lang='lat' dir='ltr'><strong>facturn,</strong></span> 
     </span>
     <span class='ocr_line' id='line_1_35' title="bbox 227 3312 881 3391; baseline 0 -19"><span class='ocrx_word' id='word_1_238' title='bbox 227 3316 382 3391; x_wconf 90' lang='lat' dir='ltr'><strong>interrupta</strong></span> <span class='ocrx_word' id='word_1_239' title='bbox 395 3312 486 3377; x_wconf 89' lang='lat' dir='ltr'><strong>semel</strong></span> <span class='ocrx_word' id='word_1_240' title='bbox 500 3332 563 3372; x_wconf 88' lang='lat' dir='ltr'><strong>oum</strong></span> <span class='ocrx_word' id='word_1_241' title='bbox 575 3316 611 3374; x_wconf 90' lang='lat' dir='ltr'><strong>sit</strong></span> <span class='ocrx_word' id='word_1_242' title='bbox 622 3315 771 3376; x_wconf 88' lang='lat' dir='ltr'><strong>retinentia</strong></span> <span class='ocrx_word' id='word_1_243' title='bbox 783 3316 881 3375; x_wconf 91' lang='lat' dir='ltr'><strong>nostri.</strong></span> 
     </span>
    </p>
   </div>
   <div class='ocr_carea' id='block_1_5' title="bbox 54 3396 859 3476">
    <p class='ocr_par' dir='ltr' id='par_1_14' title="bbox 54 3396 859 3476">
     <span class='ocr_line' id='line_1_36' title="bbox 54 3396 859 3476; baseline 0 -17"><span class='ocrx_word' id='word_1_244' title='bbox 54 3426 57 3429; x_wconf 96' lang='lat'>·</span> <span class='ocrx_word' id='word_1_245' title='bbox 73 3424 94 3429; x_wconf 72' lang='lat'>-</span> <span class='ocrx_word' id='word_1_246' title='bbox 163 3406 215 3459; x_wconf 91' lang='grc'><strong>850</strong></span> <span class='ocrx_word' id='word_1_247' title='bbox 227 3407 256 3457; x_wconf 93' lang='lat' dir='ltr'><strong>et</strong></span> <span class='ocrx_word' id='word_1_248' title='bbox 267 3416 342 3457; x_wconf 89' lang='lat' dir='ltr'><strong>nunc</strong></span> <span class='ocrx_word' id='word_1_249' title='bbox 354 3397 392 3457; x_wconf 92' lang='lat' dir='ltr'><strong>nil</strong></span> <span class='ocrx_word' id='word_1_250' title='bbox 404 3396 439 3458; x_wconf 88' lang='lat' dir='ltr'><strong>ad</strong></span> <span class='ocrx_word' id='word_1_251' title='bbox 452 3415 505 3458; x_wconf 95' lang='lat' dir='ltr'><strong>nos</strong></span> <span class='ocrx_word' id='word_1_252' title='bbox 516 3398 551 3459; x_wconf 85' lang='lat' dir='ltr'><strong>de</strong></span> <span class='ocrx_word' id='word_1_253' title='bbox 566 3400 649 3460; x_wconf 91' lang='lat' dir='ltr'><strong>nobis</strong></span> <span class='ocrx_word' id='word_1_254' title='bbox 660 3401 776 3476; x_wconf 86' lang='lat' dir='ltr'><strong>attinet,</strong></span> <span class='ocrx_word' id='word_1_255' title='bbox 794 3409 859 3460; x_wconf 90' lang='lat' dir='ltr'><strong>ante</strong></span> 
     </span>
    </p>
   </div>
   <div class='ocr_carea' id='block_1_6' title="bbox 230 3482 982 3562">
    <p class='ocr_par' dir='ltr' id='par_1_15' title="bbox 230 3482 982 3562">
     <span class='ocr_line' id='line_1_37' title="bbox 230 3482 982 3562; baseline 0 -21"><span class='ocrx_word' id='word_1_256' title='bbox 230 3483 278 3560; x_wconf 89' lang='lat' dir='ltr'><strong>qui</strong></span> <span class='ocrx_word' id='word_1_257' title='bbox 291 3482 410 3561; x_wconf 80' lang='lat' dir='ltr'><strong>fuimus,</strong></span> <span class='ocrx_word' id='word_1_258' title='bbox 422 3500 520 3562; x_wconf 81' lang='lat' dir='ltr'><strong>neque</strong></span> <span class='ocrx_word' id='word_1_259' title='bbox 531 3485 584 3545; x_wconf 89' lang='lat' dir='ltr'><strong>iam</strong></span> <span class='ocrx_word' id='word_1_260' title='bbox 596 3483 631 3546; x_wconf 90' lang='lat' dir='ltr'><strong>de</strong></span> <span class='ocrx_word' id='word_1_261' title='bbox 644 3484 700 3545; x_wconf 92' lang='lat' dir='ltr'><strong>illis</strong></span> <span class='ocrx_word' id='word_1_262' title='bbox 711 3503 764 3545; x_wconf 91' lang='lat' dir='ltr'><strong>nos</strong></span> <span class='ocrx_word' id='word_1_263' title='bbox 776 3482 870 3544; x_wconf 87' lang='lat' dir='ltr'><strong>adiicit</strong></span> <span class='ocrx_word' id='word_1_264' title='bbox 883 3500 982 3562; x_wconf 77' lang='lat' dir='ltr'><strong>angor.</strong></span> 
     </span>
    </p>
   </div>
   <div class='ocr_carea' id='block_1_7' title="bbox 0 0 1181 3854">
    <p class='ocr_par' dir='ltr' id='par_1_16' title="bbox 0 0 1181 3854">
     <span class='ocr_line' id='line_1_38' title="bbox 0 0 1181 3854; baseline 0 0"><span class='ocrx_word' id='word_1_265' title='bbox 0 0 1181 3854; x_wconf 95' lang='lat' dir='ltr'><strong> </strong></span> 
     </span>
    </p>
   </div>
  </div>
 </body>
</html>
