2340 3922
564 223 590 285 ii

161 391 301 473 quodnisi
312 391 454 453 declinere
469 391 614 469 solerent,
627 392 719 451 omnin
730 391 880 468 deorsum,

159 476 255 538 imbris
270 476 309 536 uti
322 485 436 554 guttae,
449 474 583 536 caderent
594 492 647 554 per
658 475 740 536 inune
754 474 939 555 profundum,

159 577 214 620 nec
227 559 302 620 ioret
312 559 438 620 offensus
449 566 531 619 nutus
541 577 596 619 nee
608 557 693 637 plege
704 568 799 620 erecte

160 643 323 723 principiis:
334 644 373 703 itu
385 641 423 703 nil
436 659 565 721 umquem
576 651 673 701 nutura
685 651 823 704 creasset.

98 735 147 788 225
202 725 286 800 Quod
299 727 324 787 si
335 725 410 785 forte
421 724 521 804 aliquis
535 724 626 785 credit
640 726 769 802 grauiore
780 733 899 805 potesse

161 827 300 889 corpore,
315 826 372 887 quo
384 809 467 869 citius
478 816 587 868 rectum
598 809 744 887 perinane
756 809 899 886 feruntur,

96 959 100 965 ,
158 893 285 954 incidere
300 910 337 953 ex
348 909 454 972 supero
464 890 637 970 levioribus,
653 901 739 971 atque
749 893 788 952 itu
799 890 899 971 plagas

159 977 298 1055 gignere,
312 993 384 1055 quus
395 977 507 1054 possint
518 975 648 1054 genitalis
660 975 781 1036 reddere
796 985 905 1053 motus,

158 1062 237 1121 erius
248 1077 265 1119 u
275 1077 342 1119 vere
354 1058 440 1138 longe
454 1060 562 1121 ratione
573 1059 692 1120 recedit.

94 1152 146 1206 230
156 1161 219 1203 nem
230 1161 284 1222 per
294 1161 380 1222 equus
393 1161 588 1223 quaecumque
601 1143 702 1204 cedunt
716 1150 801 1222 atque
812 1149 879 1203 uere
890 1160 1000 1222 rurum,

157 1227 228 1288 heec
241 1243 294 1305 pro
305 1225 478 1305 ponderibus
491 1244 574 1288 cesus
586 1225 715 1287 celerare
728 1234 882 1288 necessest

157 1318 311 1389 propterea
322 1311 387 1388 quie
399 1327 504 1391 corpus
518 1327 608 1387 equae
620 1318 774 1388 naturaque
789 1311 881 1370 tenvis

158 1395 233 1453 aeris
248 1392 314 1451 hunt
323 1401 444 1472 possunt
455 1410 547 1470 acque
557 1409 618 1453 rem
630 1409 769 1471 quemque
780 1394 898 1470 morari,

157 1476 210 1537 sed
222 1476 304 1535 citius
319 1475 423 1536 cedunt
434 1475 610 1552 gravioribus
623 1485 806 1555 exsuperate:

94 1567 145 1622 235
160 1570 187 1620 at
199 1569 296 1619 contru
307 1558 377 1618 nulli
388 1559 423 1620 de
434 1558 510 1619 nulla
521 1568 601 1639 perte
612 1578 706 1639 nequo
721 1559 780 1621 ullo

157 1653 287 1722 tempore
299 1644 380 1704 inune
392 1651 489 1722 potest
500 1661 618 1704 vacuum
630 1643 787 1705 subsistere
801 1646 844 1704 rei
851 1689 861 1722 ‚

157 1729 240 1805 quin,
256 1743 307 1786 suu
320 1725 396 1805 quod
406 1735 502 1787 natura
512 1729 603 1807 petit,
619 1727 781 1794 concedere
792 1738 906 1806 pergen

158 1812 248 1870 omnin
260 1819 434 1890 quapropter
443 1810 548 1871 debent
560 1830 613 1890 per
623 1813 705 1872 inane
717 1813 841 1889 quietum

158 1911 249 1972 seque
263 1892 436 1972 ponderibus
451 1912 507 1955 non
520 1897 620 1975 aequis
632 1897 743 1955 concita
757 1894 833 1955 ferri.

93 1983 146 2038 240
160 1976 233 2036 haud
247 1978 333 2053 igitur
343 1986 476 2055 poterunt
488 1977 644 2039 levioribus
656 1978 783 2038 incidere
794 1996 923 2055 umquam

157 2077 194 2119 ex
206 2077 313 2136 supero
324 2063 470 2137 graviore,
484 2079 580 2138 neque
593 2062 667 2121 ictus
679 2060 800 2137 gignere
812 2079 865 2138 per
876 2081 926 2138 re,

159 2144 206 2221 qui
217 2143 326 2202 varient
338 2152 449 2220 motus,
460 2159 515 2220 per
527 2159 599 2222 quos
610 2153 706 2202 nature
720 2151 802 2219 geret
812 2161 870 2203 res.

159 2243 246 2303 quere
258 2226 341 2285 etiam
351 2235 436 2303 etque
450 2227 532 2287 etiarn
545 2225 657 2305 paulum
667 2225 802 2286 inclinare
815 2236 967 2287 necessest

160 2325 293 2387 corpora;
305 2326 360 2370 nee
373 2308 439 2388 plus
454 2328 536 2389 quarn
548 2312 705 2388 minimum,
719 2328 755 2370 ne
767 2309 875 2387 tingere
887 2320 979 2371 motus

92 2399 143 2454 ms
158 2391 290 2472 obliquos
302 2392 446 2454 videamur
457 2403 486 2454 et
496 2394 525 2454 id
536 2412 584 2455 res
598 2412 666 2454 veru
677 2392 791 2455 refutet.

156 2494 275 2555 numque
287 2475 343 2537 boc
354 2479 383 2537 in
393 2487 525 2558 promptu
541 2477 777 2557 manifestumque
789 2496 857 2539 esse
870 2477 1015 2555 videmus,

157 2558 308 2638 ponderep
318 2569 449 2640 quantum
462 2563 491 2622 in
505 2581 537 2623 se
552 2572 617 2640 est,
633 2580 688 2622 non
700 2580 788 2642 posse
801 2560 916 2641 oblique
926 2580 1038 2642 meere,

158 2660 312 2720 exsupero
325 2662 388 2704 oum
402 2647 603 2724 praecipitent,
616 2645 692 2723 quod
703 2664 822 2706 cernere
834 2647 944 2725 possis:

157 2724 208 2786 sed
219 2724 257 2783 nil
272 2729 383 2787 omnino
394 2729 478 2788 notia
490 2730 611 2805 regione
620 2731 676 2789 viai

92 2819 145 2871 250
159 2807 303 2869 declinere
316 2811 379 2887 quis
391 2817 436 2870 est
448 2813 496 2887 qui
507 2813 598 2889 possit
613 2829 732 2871 eernere
747 2808 869 2870 sensus?

199 2891 332 2971 Denique
343 2894 368 2954 si
380 2911 495 2972 semper
508 2902 601 2955 motus
613 2894 773 2955 conectitur
786 2895 876 2955 omnis

157 2986 186 3037 et
196 2986 297 3036 vetere
310 2976 436 3038 exoritur
446 2996 567 3056 semper
578 2994 669 3039 novus
681 2974 779 3037 ordine
793 2985 890 3055 certo,

157 3078 211 3120 nec
223 3058 391 3120 declinando
403 3059 508 3122 fuciunt
519 3062 670 3141 primordie
680 3067 772 3120 motus

157 3144 323 3222 principium
336 3142 491 3223 quoddam,
507 3144 584 3224 quod
597 3145 646 3207 isti
660 3143 778 3206 foedere
790 3154 917 3224 rumpat,

91 3233 143 3286 255
158 3243 195 3286 en
205 3225 312 3286 infinito
323 3245 359 3287 ne
372 3243 484 3288 oensem
495 3246 580 3289 eausa
592 3237 743 3308 sequetur,

155 3308 246 3370 libere
256 3327 310 3388 per
320 3318 410 3371 terres
425 3309 499 3372 unde
510 3311 583 3372 baec
597 3311 780 3374 animantibus
793 3320 902 3390 exstet,

157 3392 231 3453 unde
247 3402 292 3454 est
305 3391 394 3470 baec,
406 3395 535 3472 inquam,
548 3393 613 3458 ictis
624 3395 722 3458 evolsa
735 3402 883 3473 potestas,
1012 3462 1017 3473 ,Ἴ

156 3493 302 3556 perquem
314 3477 512 3556 progredimur
523 3494 580 3558 quo
593 3478 668 3541 dueit
680 3495 821 3559 quemque
832 3476 978 3554 voluntas,
