2340 3854
138 189 179 256 16
629 189 644 253 1

223 376 305 438 quam
318 377 416 419 rursus
429 359 524 428 refici;
536 376 591 438 qua
601 367 720 438 propter
730 359 816 436 longa
826 358 882 421 diei

222 444 327 504 infinita
337 453 416 503 aetas
428 451 493 502 ante
507 444 563 502 acti
574 444 712 521 temporis
724 446 813 504 omnis

223 526 299 605 quod
311 525 448 603 fregisset
460 525 552 586 adbuc
563 525 723 587 disturbans
736 524 973 606 dissolueusque,

158 622 211 676 560
221 627 370 689 numquam
380 610 491 671 relicuo
502 611 625 688 reparari
636 617 766 690 tempore
777 619 886 691 posset.

220 705 248 755 ot
262 711 353 772 nuno,
368 696 512 772 nimirum,
523 692 671 771 frangendi
682 694 792 755 reddita
803 695 864 755 duis

223 789 301 839 certa
311 787 421 854 manet,
436 780 566 857 quoniam
577 780 657 839 refici
667 796 728 838 rem
740 796 879 858 quamque
891 779 1019 839 videmus

222 873 251 924 et
263 864 337 923 finita
349 861 430 922 simul
442 864 738 941 generatim'tempora
748 864 835 924 rebus

222 958 313 1023 stare,
327 948 429 1024 quibus
441 946 552 1024 possint
563 948 626 1005 aevi
638 949 804 1024 contingere
815 947 922 1008 dorem.

157 1042 207 1096 565
219 1031 275 1091 fruc
287 1030 399 1091 accedit
410 1032 466 1107 uti,
482 1028 652 1090 solidissima
665 1033 789 1090 materiai

223 1132 342 1194 corpora
359 1132 422 1173 cum
434 1122 581 1191 constant,
596 1115 707 1193 possint
719 1124 813 1174 tamen
828 1116 920 1174 omnia
930 1114 1012 1174 reddi

220 1199 315 1259 mollia
328 1215 399 1277 quae
415 1198 498 1275 fiunt,
512 1204 578 1275 aer,
591 1215 680 1277 aqua,
693 1206 784 1275 terra,
796 1215 935 1276 vapores,

221 1301 278 1362 quo
289 1293 375 1362 pacto
387 1283 452 1342 fiant
465 1291 494 1343 et
506 1284 596 1360 quavi
610 1299 740 1360 quaeque
752 1291 901 1359 gerantur,

220 1367 371 1426 admixtum
383 1368 513 1444 quoniam
526 1364 617 1426 semel
630 1368 713 1426 estin
724 1366 810 1426 rebus
823 1368 919 1426 inane:

157 1459 210 1514 sto
220 1461 248 1510 at
261 1460 358 1511 contra
371 1452 396 1510 si
409 1449 504 1508 mollia
517 1451 573 1509 siut
588 1449 739 1527 primordia
749 1467 858 1527 rerum,

220 1533 293 1594 unde
307 1542 410 1612 queant
421 1531 505 1591 validi
517 1530 615 1592 silices
627 1533 790 1610 ferrumque
802 1536 891 1594 creari

220 1636 276 1677 non
288 1617 393 1695 poterit
406 1618 478 1675 ratio
492 1615 588 1674 reddi:
599 1633 661 1674 nam
675 1615 799 1676 funditus
812 1620 901 1676 omnis

220 1702 360 1780 principio
372 1698 542 1759 fundamenti
554 1707 650 1758 natura
663 1700 779 1760 carebit.

220 1794 285 1845 sunt
297 1786 382 1861 igitur
393 1781 483 1843 solida
494 1780 632 1861 pollentia
644 1783 842 1862 simpliditate,

156 1876 207 1931 575
220 1886 338 1947 quorum
352 1866 497 1927 condenso
509 1868 599 1943 magis
612 1869 703 1926 omnia
716 1865 867 1928 conciliatu

218 1954 300 2013 artari
313 1959 431 2030 possunt
442 1949 607 2029 validasque
618 1949 770 2010 ostendere
782 1952 858 2012 viris.

261 2035 349 2095 Porro
361 2036 385 2095 si
396 2033 499 2095 nullast
512 2034 674 2111 frangendis
685 2033 794 2095 reddita
806 2038 868 2097 finis

220 2119 406 2199 corporibus,
423 2128 516 2180 tamen
531 2137 568 2178 ex
579 2128 697 2179 aeterno
711 2129 842 2198 tempore
858 2120 995 2199 quaedam

218 2223 292 2265 nunc
304 2205 388 2263 ctiam
399 2221 535 2282 superare
552 2212 704 2264 necessest
719 2207 840 2282 corpora
852 2205 956 2280 rebus,

154 2295 206 2349 580
217 2306 289 2367 quae
301 2286 425 2346 nondum
437 2286 550 2347 clueant
562 2285 622 2345 ullo
633 2295 768 2365 temptata
783 2287 909 2364 periclo:

218 2382 245 2431 at
258 2373 389 2451 quoniam
401 2370 493 2448 fragili
505 2378 602 2429 natura
613 2368 740 2446 praedita
753 2379 899 2444 constant,

218 2455 362 2534 discrepat
377 2464 522 2530 aeternum
533 2462 646 2530 tempus
656 2454 786 2530 potuisse
798 2470 912 2512 manere
970 2529 974 2536 Ι

217 2539 467 2599 innumerabilibus
478 2535 571 2614 plagis
586 2544 689 2594 vexata
703 2553 756 2613 per
767 2552 876 2594 aevom.

217 2625 338 2702 denique
350 2625 403 2680 iam
418 2621 548 2698 quoniam
559 2620 716 2695 generatim
727 2617 835 2678 reddita
850 2619 911 2679 finis

153 2714 204 2768 585
218 2705 368 2767 crescendi
379 2704 466 2764 rebus
481 2711 592 2762 constat
602 2705 744 2781 vitamque
758 2702 889 2779 tenendi,

217 2800 246 2850 et
260 2790 326 2870 quid
339 2806 469 2867 quaeque
481 2796 585 2865 queant
596 2804 649 2866 per
659 2787 778 2848 foedera
788 2789 911 2865 naturai,

217 2874 284 2951 quid
295 2891 381 2953 porro
394 2880 553 2951 nequeant,
566 2873 704 2932 sancitum
715 2871 941 2951 quandoquidem
954 2883 1046 2951 extat,

216 2976 271 3017 nec
284 2965 469 3017 commutatur
480 2959 645 3035 quicquam,
659 2958 726 3034 quin
739 2957 830 3016 omnia
842 2965 972 3016 constent

215 3040 409 3118 usqueadeo,
422 3042 516 3100 uariae
528 3039 662 3101 volucres
674 3049 704 3100 ut
714 3041 743 3099 iu
756 3040 854 3100 ordine
867 3048 985 3100 cunctae

151 3132 204 3186 590
216 3123 366 3184 ostendant
376 3125 502 3184 maculas
513 3123 657 3201 generalis
672 3140 794 3202 corpore
806 3126 919 3202 inesse,

215 3207 377 3270 inmutabili
389 3209 523 3269 materiae
537 3226 650 3288 quoque
664 3225 770 3287 corpus
785 3208 891 3268 babere

215 3291 338 3369 debent,
352 3293 493 3352 nimirum:
506 3310 568 3352 nam
579 3296 604 3354 si
615 3292 766 3371 primordia
777 3311 869 3354 rerum

216 3378 380 3436 commutari
391 3374 485 3455 aliqua
495 3385 616 3456 possent
627 3379 737 3438 ratione
749 3380 875 3456 revicta,

213 3461 353 3521 incertum
369 3478 483 3540 quoque
495 3463 547 3520 iam
563 3469 676 3523 constet
690 3462 756 3543 quid
768 3464 861 3545 possit
876 3463 959 3542 oriri,
