2340 3922
134 376 196 440 196
605 368 646 428 Vl

134 552 202 608 1190
216 560 272 604 non
284 541 442 603 dubitabat:
455 541 522 600 item
533 536 568 598 ad
579 553 742 615 supremum
753 533 877 611 denique
888 541 1004 611 tempus

218 641 393 704 conpressae
403 640 504 698 nares,
515 622 576 681 nasi
587 620 718 699 primoris
728 634 847 677 acumen

216 720 320 785 tenve,
333 707 423 767 carati
438 704 532 781 oculi,
545 720 613 763 cava
625 711 772 780 tempora,
783 698 886 776 frigida
897 697 984 777 pellis

217 790 361 868 duraque,
372 787 573 848 inhorrescens
585 787 705 862 rictum,
718 784 797 844 frons
809 790 887 842 tenta
900 781 1038 842 tumebat.

217 890 273 933 nec
284 873 369 931 nimio
380 871 462 948 rigidi
475 879 541 949 pest
551 877 628 928 artus
643 876 735 927 morte
746 866 885 926 iacebant.

136 964 202 1018 1195
218 963 380 1033 octavoque
392 953 454 1013 lere
465 952 595 1013 candenti
607 951 710 1010 lumine
724 948 796 1010 solis

217 1047 264 1097 aut
276 1039 360 1096 etiam
370 1052 444 1095 nona
454 1033 609 1094 reddebant
622 1031 752 1110 lampade
766 1032 860 1091 vitam.

220 1135 339 1197 quorum
351 1119 440 1197 siquis
450 1118 498 1175 rix
508 1117 606 1175 vitarat
617 1114 716 1174 lunera
727 1114 795 1190 leti,

219 1200 365 1260 ulceribus
375 1199 473 1259 taetris
488 1206 517 1258 et
527 1200 607 1274 nigra
618 1195 749 1275 proluvie
760 1195 817 1254 alsi

219 1284 364 1361 posterius
377 1292 470 1342 tamen
482 1280 556 1341 bunc
569 1278 652 1340 tubes
664 1277 810 1356 letumque
820 1276 969 1354 manebat,

138 1374 206 1425 1200
219 1365 363 1425 autetiam
374 1360 477 1424 multus
489 1364 589 1442 capitis
603 1379 667 1421 cum
678 1379 768 1439 saepe
779 1358 880 1419 dolore

223 1455 375 1526 corruptus
387 1448 501 1523 sanguis
514 1445 638 1524 expletis
650 1444 764 1504 naribus
777 1443 849 1502 ibat:

222 1528 279 1588 luuc
291 1529 411 1589 hominis
423 1539 499 1589 totae
511 1530 587 1588 vires
601 1545 765 1605 corpusque
780 1525 894 1585 fluebat.

222 1611 391 1688 profluvium
403 1628 488 1690 porro
502 1613 548 1689 qui
559 1612 642 1670 taetri
655 1610 799 1688 sanguinis
813 1624 880 1667 acre

223 1694 351 1771 exterat,
365 1696 496 1754 tamenin
510 1710 615 1753 nervos
628 1692 694 1751 luuic
705 1692 821 1750 morbus
834 1698 864 1750 ct
875 1697 954 1751 artus

140 1783 206 1836 1205
223 1775 280 1834 ibat
291 1786 320 1835 et
332 1777 359 1834 in
371 1777 458 1854 partis
470 1774 601 1854 geniculis
615 1777 745 1854 corporis
757 1775 844 1852 ipsas.

224 1867 253 1916 et
268 1859 393 1934 graviter
405 1860 504 1936 partim
514 1866 674 1917 metuentes
687 1857 781 1915 limina
793 1855 844 1914 lati

225 1940 359 1998 vivebant
371 1937 448 1998 ferro
460 1940 559 2017 privati
572 1949 652 2016 parte
663 1937 757 2014 virili,

226 2030 254 2079 ot
267 2021 393 2080 manibus
405 2021 466 2080 slne
477 2018 602 2079 nonnulli
614 2018 795 2098 pedibusque
808 2018 959 2078 manebant

227 2104 253 2161 ln
265 2104 321 2163 vita
334 2113 443 2180 tamen,
459 2111 488 2163 et
503 2102 661 2181 perdebant
673 2102 777 2161 lumina
789 2102 904 2180 partim:

144 2193 212 2244 tulo
228 2202 320 2263 usqua
336 2185 407 2244 adeo
419 2187 517 2246 mortis
528 2193 620 2245 metus
634 2185 678 2246 his
689 2187 850 2248 incesserat
863 2201 942 2244 acer.

227 2276 312 2345 atque
327 2269 410 2327 etiam
422 2268 557 2346 quosdam
570 2285 677 2346 cepere
689 2267 793 2327 oblivia
805 2283 900 2326 rerum

229 2357 409 2426 cunctorum,
425 2369 520 2429 neque
532 2369 564 2410 sc
576 2358 698 2428 possent
709 2366 891 2427 cognoscere
903 2358 934 2408 ut
945 2349 1010 2428 ipsi.

228 2431 370 2508 multaque
382 2431 456 2490 humi
470 2450 532 2492 cum
544 2431 682 2492 inhumata
694 2434 822 2491 iacerent
834 2448 957 2509 corpora
969 2449 1056 2509 supra

231 2514 417 2590 corporibus,
429 2522 521 2574 tamen
534 2513 649 2573 alituum
660 2532 752 2589 genus
766 2522 853 2589 atquc
865 2512 989 2571 ferarum

149 2600 214 2652 luto
230 2603 275 2651 unt
287 2593 388 2670 procul
400 2593 568 2672 apsiliebat,
580 2604 610 2653 ut
622 2611 717 2654 acrem
729 2595 822 2653 exiret
835 2592 972 2670 odorem,

231 2684 293 2751 utut,
306 2675 352 2733 ubi
365 2684 507 2753 gustarat,
520 2675 674 2753 languebat
686 2685 778 2736 morte
788 2676 959 2754 propinqua.

232 2775 285 2817 nuuc
298 2766 390 2817 tomen
402 2760 515 2819 omnino
526 2768 634 2820 temere
646 2757 704 2819 illis
716 2758 827 2821 solibus
840 2757 898 2818 ulla

233 2840 415 2917 comparebat
430 2843 507 2918 avis,
520 2861 575 2903 neo
585 2844 676 2902 tristia
691 2842 789 2903 saecla
800 2842 924 2902 ferarum

234 2920 347 2981 exibunt
360 2923 456 2985 silvis:
472 2924 643 3001 languebant
654 2924 794 3005 pleraque
807 2927 907 2988 morbo

155 3007 219 3059 illo
234 3011 262 3061 at
275 3005 473 3066 ruuuurlabantur.
487 3025 549 3068 curn
560 3009 657 3086 primis
669 3007 723 3068 lida
736 3027 836 3069 canum
848 3012 892 3070 vis

235 3092 319 3143 stratu
332 3088 384 3146 vlia
396 3090 512 3149 animam
524 3092 649 3169 ponebat
664 3092 692 3150 in
705 3093 835 3153 omnibus
848 3111 952 3170 aegre:

236 3169 424 3244 extorquebat
436 3172 509 3231 enim
521 3174 605 3233 vitam
617 3175 660 3233 vis
673 3173 801 3234 morbida
813 3176 958 3237 membris.

237 3261 291 3302 neo
304 3251 374 3306 ratlo
385 3253 493 3313 remedi
504 3258 659 3316 communis
675 3265 755 3316 certa
768 3256 902 3317 dabatur:
1031 3256 1034 3260 ”

238 3341 299 3382 uam
312 3330 386 3403 qood
398 3333 433 3391 all
448 3334 564 3397 dederat
575 3338 668 3399 vitalis
680 3342 755 3400 aeris
766 3357 848 3400 auras

158 3412 222 3463 luto
238 3405 355 3467 volvere
368 3415 394 3468 ln
410 3430 459 3473 ore
474 3417 563 3480 licere
576 3429 604 3480 at
618 3421 689 3482 caeli
701 3423 807 3502 templa
817 3425 909 3501 tueri,

240 3486 295 3546 luoc
309 3489 370 3551 aliis
382 3502 442 3552 erat
454 3500 540 3559 exitio
551 3501 697 3584 letumque
709 3505 834 3585 parabat.

281 3566 545 3640 tontinhusanae
558 3586 746 3648 miserandum
760 3606 937 3669 magnopere
948 3608 1034 3652 unuin
