<?xml version="1.0" encoding="UTF-8"?>
<!DOCTYPE html PUBLIC "-//W3C//DTD XHTML 1.0 Transitional//EN"
    "http://www.w3.org/TR/xhtml1/DTD/xhtml1-transitional.dtd">
<html xmlns="http://www.w3.org/1999/xhtml" xml:lang="en" lang="en">
 <head>
  <title>
</title>
<meta http-equiv="Content-Type" content="text/html;charset=utf-8" />
  <meta name='ocr-system' content='tesseract 3.04.00' />
  <meta name='ocr-capabilities' content='ocr_page ocr_carea ocr_par ocr_line ocrx_word'/>
</head>
<body>
  <div class='ocr_page' id='page_1' title='image "./dererumnaturali05carugoog_0096.png"; bbox 0 0 2340 3854; ppageno 0'>
   <div class='ocr_carea' id='block_1_1' title="bbox 548 192 1070 258">
    <p class='ocr_par' dir='ltr' id='par_1_1' title="bbox 548 192 1070 258">
     <span class='ocr_line' id='line_1_1' title="bbox 548 192 1070 258; baseline 0.011 -6"><span class='ocrx_word' id='word_1_1' title='bbox 548 192 589 253; x_wconf 94' lang='lat' dir='ltr'>lll</span> <span class='ocrx_word' id='word_1_2' title='bbox 1030 193 1070 258; x_wconf 77' lang='lat' dir='ltr'>ol</span> 
     </span>
    </p>
   </div>
   <div class='ocr_carea' id='block_1_2' title="bbox 90 361 1040 3613">
    <p class='ocr_par' dir='ltr' id='par_1_2' title="bbox 154 361 981 694">
     <span class='ocr_line' id='line_1_2' title="bbox 154 361 981 442; baseline 0.005 -20"><span class='ocrx_word' id='word_1_3' title='bbox 154 372 185 424; x_wconf 91' lang='lat' dir='ltr'>ut</span> <span class='ocrx_word' id='word_1_4' title='bbox 198 363 296 439; x_wconf 81' lang='lat' dir='ltr'>cibus,</span> <span class='ocrx_word' id='word_1_5' title='bbox 314 363 343 421; x_wconf 95' lang='lat' dir='ltr'>in</span> <span class='ocrx_word' id='word_1_6' title='bbox 357 361 482 423; x_wconf 86' lang='lat' dir='ltr'>membra</span> <span class='ocrx_word' id='word_1_7' title='bbox 491 371 670 441; x_wconf 68' lang='lat' dir='ltr'>atqucartns</span> <span class='ocrx_word' id='word_1_8' title='bbox 683 361 861 424; x_wconf 76' lang='lat' dir='ltr'>cumulirlitur</span> <span class='ocrx_word' id='word_1_9' title='bbox 872 365 981 442; x_wconf 82' lang='lat' dir='ltr'>omnis,</span> 
     </span>
     <span class='ocr_line' id='line_1_3' title="bbox 156 445 830 526; baseline 0.004 -21"><span class='ocrx_word' id='word_1_10' title='bbox 156 445 275 524; x_wconf 86' lang='lat' dir='ltr'>disperit</span> <span class='ocrx_word' id='word_1_11' title='bbox 285 455 372 525; x_wconf 88' lang='lat' dir='ltr'>atque</span> <span class='ocrx_word' id='word_1_12' title='bbox 383 445 604 508; x_wconf 83' lang='lat' dir='ltr'>uliam-naturam</span> <span class='ocrx_word' id='word_1_13' title='bbox 615 446 830 526; x_wconf 67' lang='lat' dir='ltr'>sollicitem,</span> 
     </span>
     <span class='ocr_line' id='line_1_4' title="bbox 155 531 936 610; baseline 0.004 -19"><span class='ocrx_word' id='word_1_14' title='bbox 155 531 197 591; x_wconf 87' lang='lat' dir='ltr'>sic</span> <span class='ocrx_word' id='word_1_15' title='bbox 208 531 297 590; x_wconf 91' lang='lat' dir='ltr'>anima</span> <span class='ocrx_word' id='word_1_16' title='bbox 308 539 397 610; x_wconf 86' lang='lat' dir='ltr'>atque</span> <span class='ocrx_word' id='word_1_17' title='bbox 409 531 655 609; x_wconf 78' lang='lat' dir='ltr'>animusquamvis</span> <span class='ocrx_word' id='word_1_18' title='bbox 665 532 894 608; x_wconf 78' lang='lat' dir='ltr'>integmreccns</span> <span class='ocrx_word' id='word_1_19' title='bbox 904 533 936 594; x_wconf 83' lang='lat' dir='ltr'>in</span> 
     </span>
     <span class='ocr_line' id='line_1_5' title="bbox 156 613 873 694; baseline 0 -20"><span class='ocrx_word' id='word_1_20' title='bbox 156 630 261 693; x_wconf 89' lang='lat' dir='ltr'>corpus</span> <span class='ocrx_word' id='word_1_21' title='bbox 270 623 358 692; x_wconf 84' lang='lat' dir='ltr'>eunt,</span> <span class='ocrx_word' id='word_1_22' title='bbox 369 623 464 674; x_wconf 90' lang='lat' dir='ltr'>tamen</span> <span class='ocrx_word' id='word_1_23' title='bbox 475 615 503 672; x_wconf 92' lang='lat' dir='ltr'>in</span> <span class='ocrx_word' id='word_1_24' title='bbox 514 613 653 674; x_wconf 84' lang='lat' dir='ltr'>manando</span> <span class='ocrx_word' id='word_1_25' title='bbox 662 613 873 694; x_wconf 81' lang='lat' dir='ltr'>disoluuntur‚</span> 
     </span>
    </p>

    <p class='ocr_par' dir='ltr' id='par_1_3' title="bbox 91 695 858 1112">
     <span class='ocr_line' id='line_1_6' title="bbox 91 695 858 777; baseline -0.003 -15"><span class='ocrx_word' id='word_1_26' title='bbox 91 705 143 762; x_wconf 79' lang='lat'>705</span> <span class='ocrx_word' id='word_1_27' title='bbox 155 697 219 758; x_wconf 89' lang='lat' dir='ltr'>dum</span> <span class='ocrx_word' id='word_1_28' title='bbox 232 700 311 777; x_wconf 88' lang='lat' dir='ltr'>quasi</span> <span class='ocrx_word' id='word_1_29' title='bbox 322 695 484 776; x_wconf 85' lang='lat' dir='ltr'>percaulns</span> <span class='ocrx_word' id='word_1_30' title='bbox 496 698 586 758; x_wconf 88' lang='lat' dir='ltr'>omnis</span> <span class='ocrx_word' id='word_1_31' title='bbox 599 696 731 757; x_wconf 84' lang='lat' dir='ltr'>diduntur</span> <span class='ocrx_word' id='word_1_32' title='bbox 742 699 770 756; x_wconf 93' lang='lat' dir='ltr'>in</span> <span class='ocrx_word' id='word_1_33' title='bbox 779 709 858 760; x_wconf 87' lang='lat' dir='ltr'>artus</span> 
     </span>
     <span class='ocr_line' id='line_1_7' title="bbox 154 779 854 862; baseline 0 -21"><span class='ocrx_word' id='word_1_34' title='bbox 154 781 310 862; x_wconf 78' lang='lat' dir='ltr'>particulae</span> <span class='ocrx_word' id='word_1_35' title='bbox 322 781 424 860; x_wconf 89' lang='lat' dir='ltr'>quibus</span> <span class='ocrx_word' id='word_1_36' title='bbox 438 779 510 842; x_wconf 87' lang='lat' dir='ltr'>baec</span> <span class='ocrx_word' id='word_1_37' title='bbox 523 781 607 841; x_wconf 89' lang='lat' dir='ltr'>animi</span> <span class='ocrx_word' id='word_1_38' title='bbox 617 790 714 842; x_wconf 91' lang='lat' dir='ltr'>natura</span> <span class='ocrx_word' id='word_1_39' title='bbox 726 791 854 860; x_wconf 86' lang='lat' dir='ltr'>creatur,</span> 
     </span>
     <span class='ocr_line' id='line_1_8' title="bbox 154 864 843 944; baseline 0.004 -20"><span class='ocrx_word' id='word_1_40' title='bbox 154 884 227 944; x_wconf 91' lang='lat' dir='ltr'>quae</span> <span class='ocrx_word' id='word_1_41' title='bbox 238 883 313 924; x_wconf 94' lang='lat' dir='ltr'>nunc</span> <span class='ocrx_word' id='word_1_42' title='bbox 326 866 356 923; x_wconf 91' lang='lat' dir='ltr'>in</span> <span class='ocrx_word' id='word_1_43' title='bbox 366 873 464 925; x_wconf 85' lang='lat' dir='ltr'>nostro</span> <span class='ocrx_word' id='word_1_44' title='bbox 473 864 633 925; x_wconf 72' lang='lat' dir='ltr'><strong>dominatur</strong></span> <span class='ocrx_word' id='word_1_45' title='bbox 644 883 767 944; x_wconf 88' lang='lat' dir='ltr'>corpore</span> <span class='ocrx_word' id='word_1_46' title='bbox 779 876 843 927; x_wconf 88' lang='lat' dir='ltr'>natn</span> 
     </span>
     <span class='ocr_line' id='line_1_9' title="bbox 155 947 781 1027; baseline 0.002 -19"><span class='ocrx_word' id='word_1_47' title='bbox 155 947 251 1009; x_wconf 86' lang='lat' dir='ltr'>axilla</span> <span class='ocrx_word' id='word_1_48' title='bbox 266 966 340 1027; x_wconf 89' lang='lat' dir='ltr'>quae</span> <span class='ocrx_word' id='word_1_49' title='bbox 350 957 409 1008; x_wconf 89' lang='lat' dir='ltr'>tum</span> <span class='ocrx_word' id='word_1_50' title='bbox 420 949 511 1027; x_wconf 85' lang='lat' dir='ltr'>periit·</span> <span class='ocrx_word' id='word_1_51' title='bbox 518 950 619 1027; x_wconf 86' lang='lat' dir='ltr'>partita</span> <span class='ocrx_word' id='word_1_52' title='bbox 630 967 685 1027; x_wconf 91' lang='lat' dir='ltr'>per</span> <span class='ocrx_word' id='word_1_53' title='bbox 695 959 781 1010; x_wconf 91' lang='lat' dir='ltr'>artus.</span> 
     </span>
     <span class='ocr_line' id='line_1_10' title="bbox 154 1031 778 1112; baseline 0.002 -20"><span class='ocrx_word' id='word_1_54' title='bbox 154 1041 328 1112; x_wconf 90' lang='lat' dir='ltr'>quapropter</span> <span class='ocrx_word' id='word_1_55' title='bbox 337 1049 437 1111; x_wconf 89' lang='lat' dir='ltr'>neque</span> <span class='ocrx_word' id='word_1_56' title='bbox 446 1031 530 1094; x_wconf 88' lang='lat' dir='ltr'>natali</span> <span class='ocrx_word' id='word_1_57' title='bbox 542 1034 651 1110; x_wconf 86' lang='lat' dir='ltr'>privata</span> <span class='ocrx_word' id='word_1_58' title='bbox 664 1033 778 1096; x_wconf 87' lang='lat' dir='ltr'>videtur</span> 
     </span>
    </p>

    <p class='ocr_par' dir='ltr' id='par_1_4' title="bbox 90 1116 830 1196">
     <span class='ocr_line' id='line_1_11' title="bbox 90 1116 830 1196; baseline -0.003 -16"><span class='ocrx_word' id='word_1_59' title='bbox 90 1125 143 1180; x_wconf 85' lang='lat'>710</span> <span class='ocrx_word' id='word_1_60' title='bbox 157 1135 224 1177; x_wconf 92' lang='lat' dir='ltr'>esse</span> <span class='ocrx_word' id='word_1_61' title='bbox 237 1116 282 1177; x_wconf 87' lang='lat' dir='ltr'>die</span> <span class='ocrx_word' id='word_1_62' title='bbox 294 1124 390 1177; x_wconf 88' lang='lat' dir='ltr'>natura</span> <span class='ocrx_word' id='word_1_63' title='bbox 404 1118 513 1177; x_wconf 88' lang='lat' dir='ltr'>animae</span> <span class='ocrx_word' id='word_1_64' title='bbox 524 1135 579 1177; x_wconf 89' lang='lat' dir='ltr'>nec</span> <span class='ocrx_word' id='word_1_65' title='bbox 595 1117 705 1178; x_wconf 84' lang='lat' dir='ltr'>funeris</span> <span class='ocrx_word' id='word_1_66' title='bbox 714 1137 830 1196; x_wconf 82' lang='lat' dir='ltr'>expers.</span> 
     </span>
    </p>

    <p class='ocr_par' dir='ltr' id='par_1_5' title="bbox 154 1199 918 1531">
     <span class='ocr_line' id='line_1_12' title="bbox 195 1199 891 1279; baseline 0.001 -19"><span class='ocrx_word' id='word_1_67' title='bbox 195 1200 308 1261; x_wconf 87' lang='lat' dir='ltr'>Semina</span> <span class='ocrx_word' id='word_1_68' title='bbox 320 1210 469 1279; x_wconf 88' lang='lat' dir='ltr'>praeterea</span> <span class='ocrx_word' id='word_1_69' title='bbox 481 1199 659 1278; x_wconf 87' lang='lat' dir='ltr'>linquontur,</span> <span class='ocrx_word' id='word_1_70' title='bbox 671 1220 780 1278; x_wconf 87' lang='lat' dir='ltr'>necne,</span> <span class='ocrx_word' id='word_1_71' title='bbox 792 1204 891 1262; x_wconf 89' lang='lat' dir='ltr'>animai</span> 
     </span>
     <span class='ocr_line' id='line_1_13' title="bbox 155 1281 918 1363; baseline 0.001 -18"><span class='ocrx_word' id='word_1_72' title='bbox 155 1301 277 1362; x_wconf 88' lang='lat' dir='ltr'>corpore</span> <span class='ocrx_word' id='word_1_73' title='bbox 289 1287 317 1344; x_wconf 94' lang='lat' dir='ltr'>in</span> <span class='ocrx_word' id='word_1_74' title='bbox 328 1281 480 1345; x_wconf 79' lang='lat' dir='ltr'>exanimo?</span> <span class='ocrx_word' id='word_1_75' title='bbox 492 1284 603 1362; x_wconf 87' lang='lat' dir='ltr'>quodsi</span> <span class='ocrx_word' id='word_1_76' title='bbox 617 1283 759 1344; x_wconf 78' lang='lat' dir='ltr'>lincuntur</span> <span class='ocrx_word' id='word_1_77' title='bbox 770 1295 799 1344; x_wconf 92' lang='lat' dir='ltr'>et</span> <span class='ocrx_word' id='word_1_78' title='bbox 809 1286 918 1363; x_wconf 88' lang='lat' dir='ltr'>insunt,</span> 
     </span>
     <span class='ocr_line' id='line_1_14' title="bbox 154 1365 841 1446; baseline 0 -19"><span class='ocrx_word' id='word_1_79' title='bbox 154 1369 222 1429; x_wconf 91' lang='lat' dir='ltr'>haut</span> <span class='ocrx_word' id='word_1_80' title='bbox 234 1370 287 1427; x_wconf 88' lang='lat' dir='ltr'>erit</span> <span class='ocrx_word' id='word_1_81' title='bbox 297 1377 328 1427; x_wconf 92' lang='lat' dir='ltr'>ut</span> <span class='ocrx_word' id='word_1_82' title='bbox 340 1369 441 1428; x_wconf 87' lang='lat' dir='ltr'>merito</span> <span class='ocrx_word' id='word_1_83' title='bbox 453 1365 609 1429; x_wconf 90' lang='lat' dir='ltr'>inmortalis</span> <span class='ocrx_word' id='word_1_84' title='bbox 621 1368 714 1443; x_wconf 78' lang='lat' dir='ltr'><strong>possit</strong></span> <span class='ocrx_word' id='word_1_85' title='bbox 725 1367 841 1446; x_wconf 69' lang='lat' dir='ltr'>baberi,</span> 
     </span>
     <span class='ocr_line' id='line_1_15' title="bbox 154 1448 790 1531; baseline 0.002 -20"><span class='ocrx_word' id='word_1_86' title='bbox 154 1451 281 1531; x_wconf 90' lang='lat' dir='ltr'>partibus</span> <span class='ocrx_word' id='word_1_87' title='bbox 293 1451 404 1510; x_wconf 90' lang='lat' dir='ltr'>amissis</span> <span class='ocrx_word' id='word_1_88' title='bbox 416 1450 547 1529; x_wconf 87' lang='lat' dir='ltr'>quoniam</span> <span class='ocrx_word' id='word_1_89' title='bbox 556 1448 640 1511; x_wconf 89' lang='lat' dir='ltr'>libata</span> <span class='ocrx_word' id='word_1_90' title='bbox 651 1453 790 1512; x_wconf 78' lang='lat' dir='ltr'>recessit:</span> 
     </span>
    </p>

    <p class='ocr_par' dir='ltr' id='par_1_6' title="bbox 90 1534 1040 3613">
     <span class='ocr_line' id='line_1_16' title="bbox 90 1534 784 1614; baseline -0.006 -14"><span class='ocrx_word' id='word_1_91' title='bbox 90 1545 141 1600; x_wconf 71' lang='lat'>115</span> <span class='ocrx_word' id='word_1_92' title='bbox 156 1536 198 1597; x_wconf 91' lang='lat' dir='ltr'>sin</span> <span class='ocrx_word' id='word_1_93' title='bbox 210 1537 249 1596; x_wconf 90' lang='lat' dir='ltr'>ita</span> <span class='ocrx_word' id='word_1_94' title='bbox 259 1535 380 1595; x_wconf 89' lang='lat' dir='ltr'>sinceris</span> <span class='ocrx_word' id='word_1_95' title='bbox 391 1534 525 1595; x_wconf 90' lang='lat' dir='ltr'>membris</span> <span class='ocrx_word' id='word_1_96' title='bbox 536 1534 630 1595; x_wconf 88' lang='lat' dir='ltr'>ablata</span> <span class='ocrx_word' id='word_1_97' title='bbox 641 1536 784 1614; x_wconf 77' lang='lat' dir='ltr'>profugo,</span> 
     </span>
     <span class='ocr_line' id='line_1_17' title="bbox 154 1617 804 1699; baseline 0.003 -21"><span class='ocrx_word' id='word_1_98' title='bbox 154 1629 184 1680; x_wconf 93' lang='lat' dir='ltr'>ut</span> <span class='ocrx_word' id='word_1_99' title='bbox 196 1617 288 1679; x_wconf 93' lang='lat' dir='ltr'>nullas</span> <span class='ocrx_word' id='word_1_100' title='bbox 302 1619 388 1694; x_wconf 77' lang='lat' dir='ltr'>partis</span> <span class='ocrx_word' id='word_1_101' title='bbox 399 1619 426 1678; x_wconf 94' lang='lat' dir='ltr'>in</span> <span class='ocrx_word' id='word_1_102' title='bbox 441 1635 564 1699; x_wconf 89' lang='lat' dir='ltr'>corpore</span> <span class='ocrx_word' id='word_1_103' title='bbox 576 1619 690 1697; x_wconf 87' lang='lat' dir='ltr'>liquerit</span> <span class='ocrx_word' id='word_1_104' title='bbox 705 1639 743 1680; x_wconf 85' lang='lat' dir='ltr'>ex</span> <span class='ocrx_word' id='word_1_105' title='bbox 754 1640 804 1699; x_wconf 86' lang='lat' dir='ltr'>se,</span> 
     </span>
     <span class='ocr_line' id='line_1_18' title="bbox 153 1701 838 1766; baseline 0.006 -4"><span class='ocrx_word' id='word_1_106' title='bbox 153 1703 227 1764; x_wconf 86' lang='lat' dir='ltr'>unde</span> <span class='ocrx_word' id='word_1_107' title='bbox 240 1701 376 1763; x_wconf 82' lang='lat' dir='ltr'>cadavem</span> <span class='ocrx_word' id='word_1_108' title='bbox 390 1705 517 1764; x_wconf 79' lang='lat' dir='ltr'>renuenti</span> <span class='ocrx_word' id='word_1_109' title='bbox 528 1704 582 1764; x_wconf 89' lang='lat' dir='ltr'>iam</span> <span class='ocrx_word' id='word_1_110' title='bbox 596 1705 709 1764; x_wconf 78' lang='lat' dir='ltr'>viscere</span> <span class='ocrx_word' id='word_1_111' title='bbox 724 1723 838 1766; x_wconf 90' lang='lat' dir='ltr'>vermes</span> 
     </span>
     <span class='ocr_line' id='line_1_19' title="bbox 152 1787 845 1868; baseline 0 -19"><span class='ocrx_word' id='word_1_112' title='bbox 152 1789 282 1867; x_wconf 85' lang='lat' dir='ltr'>expirant</span> <span class='ocrx_word' id='word_1_113' title='bbox 290 1796 397 1865; x_wconf 77' lang='lat' dir='ltr'>‚atque</span> <span class='ocrx_word' id='word_1_114' title='bbox 409 1787 483 1849; x_wconf 86' lang='lat' dir='ltr'>unde</span> <span class='ocrx_word' id='word_1_115' title='bbox 495 1789 663 1849; x_wconf 89' lang='lat' dir='ltr'>animantum</span> <span class='ocrx_word' id='word_1_116' title='bbox 676 1790 760 1868; x_wconf 88' lang='lat' dir='ltr'>copia</span> <span class='ocrx_word' id='word_1_117' title='bbox 770 1799 845 1850; x_wconf 87' lang='lat' dir='ltr'>tanta</span> 
     </span>
     <span class='ocr_line' id='line_1_20' title="bbox 153 1870 838 1953; baseline 0 -21"><span class='ocrx_word' id='word_1_118' title='bbox 153 1889 225 1932; x_wconf 88' lang='lat' dir='ltr'>exos</span> <span class='ocrx_word' id='word_1_119' title='bbox 236 1880 265 1930; x_wconf 87' lang='lat' dir='ltr'>et</span> <span class='ocrx_word' id='word_1_120' title='bbox 278 1873 416 1950; x_wconf 79' lang='lat' dir='ltr'>exanguis</span> <span class='ocrx_word' id='word_1_121' title='bbox 427 1871 549 1933; x_wconf 86' lang='lat' dir='ltr'>tumidos</span> <span class='ocrx_word' id='word_1_122' title='bbox 560 1872 729 1953; x_wconf 79' lang='lat' dir='ltr'>perfluctuat</span> <span class='ocrx_word' id='word_1_123' title='bbox 741 1870 838 1933; x_wconf 83' lang='lat' dir='ltr'>artus?</span> 
     </span>
     <span class='ocr_line' id='line_1_21' title="bbox 91 1954 808 2034; baseline -0.003 -16"><span class='ocrx_word' id='word_1_124' title='bbox 91 1963 143 2019; x_wconf 71' lang='lat' dir='ltr'>lto</span> <span class='ocrx_word' id='word_1_125' title='bbox 154 1955 230 2034; x_wconf 91' lang='lat' dir='ltr'>quod</span> <span class='ocrx_word' id='word_1_126' title='bbox 239 1956 269 2014; x_wconf 77' lang='lat' dir='ltr'>si</span> <span class='ocrx_word' id='word_1_127' title='bbox 278 1954 354 2015; x_wconf 84' lang='lat' dir='ltr'>forte</span> <span class='ocrx_word' id='word_1_128' title='bbox 368 1957 474 2017; x_wconf 87' lang='lat' dir='ltr'>animas</span> <span class='ocrx_word' id='word_1_129' title='bbox 486 1957 665 2017; x_wconf 86' lang='lat' dir='ltr'>extrinsecus</span> <span class='ocrx_word' id='word_1_130' title='bbox 675 1959 808 2017; x_wconf 90' lang='lat' dir='ltr'>insinuari</span> 
     </span>
     <span class='ocr_line' id='line_1_22' title="bbox 152 2039 826 2119; baseline 0.001 -21"><span class='ocrx_word' id='word_1_131' title='bbox 152 2039 297 2098; x_wconf 83' lang='lat' dir='ltr'>vermibus</span> <span class='ocrx_word' id='word_1_132' title='bbox 309 2046 338 2098; x_wconf 91' lang='lat' dir='ltr'>et</span> <span class='ocrx_word' id='word_1_133' title='bbox 349 2041 444 2116; x_wconf 89' lang='lat' dir='ltr'>privas</span> <span class='ocrx_word' id='word_1_134' title='bbox 455 2041 483 2098; x_wconf 93' lang='lat' dir='ltr'>in</span> <span class='ocrx_word' id='word_1_135' title='bbox 496 2056 617 2119; x_wconf 87' lang='lat' dir='ltr'>corpora</span> <span class='ocrx_word' id='word_1_136' title='bbox 630 2056 717 2117; x_wconf 89' lang='lat' dir='ltr'>posse</span> <span class='ocrx_word' id='word_1_137' title='bbox 728 2042 826 2099; x_wconf 90' lang='lat' dir='ltr'>venire</span> 
     </span>
     <span class='ocr_line' id='line_1_23' title="bbox 154 2121 872 2198; baseline -0.001 -15"><span class='ocrx_word' id='word_1_138' title='bbox 154 2121 265 2198; x_wconf 87' lang='lat' dir='ltr'>credis,</span> <span class='ocrx_word' id='word_1_139' title='bbox 277 2138 333 2180; x_wconf 87' lang='lat' dir='ltr'>neo</span> <span class='ocrx_word' id='word_1_140' title='bbox 345 2131 462 2198; x_wconf 87' lang='lat' dir='ltr'>reputas</span> <span class='ocrx_word' id='word_1_141' title='bbox 475 2140 526 2182; x_wconf 89' lang='lat' dir='ltr'>cur</span> <span class='ocrx_word' id='word_1_142' title='bbox 538 2121 613 2181; x_wconf 85' lang='lat' dir='ltr'>milia</span> <span class='ocrx_word' id='word_1_143' title='bbox 625 2121 710 2182; x_wconf 91' lang='lat' dir='ltr'>multa</span> <span class='ocrx_word' id='word_1_144' title='bbox 721 2124 872 2182; x_wconf 86' lang='lat' dir='ltr'>animarum</span> 
     </span>
     <span class='ocr_line' id='line_1_24' title="bbox 153 2203 936 2282; baseline -0.004 -12"><span class='ocrx_word' id='word_1_145' title='bbox 153 2205 321 2270; x_wconf 83' lang='lat' dir='ltr'>conveniant</span> <span class='ocrx_word' id='word_1_146' title='bbox 333 2203 407 2265; x_wconf 86' lang='lat' dir='ltr'>unde</span> <span class='ocrx_word' id='word_1_147' title='bbox 423 2223 476 2266; x_wconf 95' lang='lat' dir='ltr'>una</span> <span class='ocrx_word' id='word_1_148' title='bbox 489 2206 662 2282; x_wconf 75' lang='lat' dir='ltr'>recesserit,</span> <span class='ocrx_word' id='word_1_149' title='bbox 673 2205 730 2264; x_wconf 82' lang='lat' dir='ltr'>lunc</span> <span class='ocrx_word' id='word_1_150' title='bbox 742 2214 835 2266; x_wconf 91' lang='lat' dir='ltr'>tamen</span> <span class='ocrx_word' id='word_1_151' title='bbox 850 2216 895 2268; x_wconf 86' lang='lat' dir='ltr'>est</span> <span class='ocrx_word' id='word_1_152' title='bbox 908 2218 936 2267; x_wconf 94' lang='lat' dir='ltr'>ut</span> 
     </span>
     <span class='ocr_line' id='line_1_25' title="bbox 154 2289 899 2372; baseline -0.003 -20"><span class='ocrx_word' id='word_1_153' title='bbox 154 2290 345 2372; x_wconf 83' lang='lat' dir='ltr'>quaerendum</span> <span class='ocrx_word' id='word_1_154' title='bbox 354 2289 483 2349; x_wconf 88' lang='lat' dir='ltr'>videatur</span> <span class='ocrx_word' id='word_1_155' title='bbox 494 2299 523 2350; x_wconf 90' lang='lat' dir='ltr'>et</span> <span class='ocrx_word' id='word_1_156' title='bbox 535 2291 564 2349; x_wconf 92' lang='lat' dir='ltr'>in</span> <span class='ocrx_word' id='word_1_157' title='bbox 579 2289 730 2350; x_wconf 83' lang='lat' dir='ltr'>discrimen</span> <span class='ocrx_word' id='word_1_158' title='bbox 742 2290 899 2368; x_wconf 81' lang='lat' dir='ltr'>agendum,</span> 
     </span>
     <span class='ocr_line' id='line_1_26' title="bbox 91 2374 906 2456; baseline -0.006 -15"><span class='ocrx_word' id='word_1_159' title='bbox 91 2387 141 2441; x_wconf 74' lang='lat' dir='ltr'>tao</span> <span class='ocrx_word' id='word_1_160' title='bbox 156 2388 247 2440; x_wconf 88' lang='lat' dir='ltr'>utrum</span> <span class='ocrx_word' id='word_1_161' title='bbox 262 2374 375 2437; x_wconf 86' lang='lat' dir='ltr'>tandem</span> <span class='ocrx_word' id='word_1_162' title='bbox 386 2375 494 2435; x_wconf 90' lang='lat' dir='ltr'>animae</span> <span class='ocrx_word' id='word_1_163' title='bbox 505 2383 645 2435; x_wconf 88' lang='lat' dir='ltr'>venentur</span> <span class='ocrx_word' id='word_1_164' title='bbox 658 2375 764 2435; x_wconf 89' lang='lat' dir='ltr'>semina</span> <span class='ocrx_word' id='word_1_165' title='bbox 776 2392 906 2456; x_wconf 89' lang='lat' dir='ltr'>quaeque</span> 
     </span>
     <span class='ocr_line' id='line_1_27' title="bbox 152 2457 927 2539; baseline 0 -18"><span class='ocrx_word' id='word_1_166' title='bbox 152 2459 373 2523; x_wconf 88' lang='lat' dir='ltr'>vermiculorum</span> <span class='ocrx_word' id='word_1_167' title='bbox 385 2461 523 2539; x_wconf 83' lang='lat' dir='ltr'>ipsaeque</span> <span class='ocrx_word' id='word_1_168' title='bbox 535 2460 589 2520; x_wconf 89' lang='lat' dir='ltr'>sibi</span> <span class='ocrx_word' id='word_1_169' title='bbox 604 2457 780 2520; x_wconf 79' lang='lat' dir='ltr'>fabricentur</span> <span class='ocrx_word' id='word_1_170' title='bbox 792 2460 841 2521; x_wconf 93' lang='lat' dir='ltr'>ubi</span> <span class='ocrx_word' id='word_1_171' title='bbox 856 2462 927 2538; x_wconf 82' lang='lat' dir='ltr'>sint,</span> 
     </span>
     <span class='ocr_line' id='line_1_28' title="bbox 154 2544 806 2623; baseline -0.002 -18"><span class='ocrx_word' id='word_1_172' title='bbox 154 2565 188 2606; x_wconf 89' lang='lat' dir='ltr'>an</span> <span class='ocrx_word' id='word_1_173' title='bbox 200 2546 279 2623; x_wconf 89' lang='lat' dir='ltr'>quasi</span> <span class='ocrx_word' id='word_1_174' title='bbox 291 2544 460 2622; x_wconf 85' lang='lat' dir='ltr'>corporibus</span> <span class='ocrx_word' id='word_1_175' title='bbox 471 2544 610 2622; x_wconf 86' lang='lat' dir='ltr'>perlectis</span> <span class='ocrx_word' id='word_1_176' title='bbox 622 2545 806 2604; x_wconf 90' lang='lat' dir='ltr'>insinuentur.</span> 
     </span>
     <span class='ocr_line' id='line_1_29' title="bbox 153 2625 841 2706; baseline 0 -18"><span class='ocrx_word' id='word_1_177' title='bbox 153 2638 180 2689; x_wconf 92' lang='lat' dir='ltr'>at</span> <span class='ocrx_word' id='word_1_178' title='bbox 192 2645 285 2706; x_wconf 90' lang='lat' dir='ltr'>neque</span> <span class='ocrx_word' id='word_1_179' title='bbox 299 2643 349 2686; x_wconf 92' lang='lat' dir='ltr'>cnr</span> <span class='ocrx_word' id='word_1_180' title='bbox 361 2625 464 2688; x_wconf 87' lang='lat' dir='ltr'>iaciant</span> <span class='ocrx_word' id='word_1_181' title='bbox 478 2629 559 2705; x_wconf 82' lang='lat' dir='ltr'>ipsae</span> <span class='ocrx_word' id='word_1_182' title='bbox 574 2645 698 2704; x_wconf 87' lang='lat' dir='ltr'>quareve</span> <span class='ocrx_word' id='word_1_183' title='bbox 711 2625 841 2689; x_wconf 89' lang='lat' dir='ltr'>laborent</span> 
     </span>
     <span class='ocr_line' id='line_1_30' title="bbox 153 2708 1040 2791; baseline 0.005 -21"><span class='ocrx_word' id='word_1_184' title='bbox 153 2712 251 2771; x_wconf 87' lang='lat' dir='ltr'>dicere</span> <span class='ocrx_word' id='word_1_185' title='bbox 264 2708 435 2788; x_wconf 83' lang='lat' dir='ltr'>suppeditat.</span> <span class='ocrx_word' id='word_1_186' title='bbox 454 2728 550 2787; x_wconf 89' lang='lat' dir='ltr'>neque</span> <span class='ocrx_word' id='word_1_187' title='bbox 564 2712 656 2786; x_wconf 83' lang='lat' dir='ltr'>enim,</span> <span class='ocrx_word' id='word_1_188' title='bbox 669 2712 729 2770; x_wconf 91' lang='lat' dir='ltr'>sine</span> <span class='ocrx_word' id='word_1_189' title='bbox 743 2729 866 2790; x_wconf 91' lang='lat' dir='ltr'>corpore</span> <span class='ocrx_word' id='word_1_190' title='bbox 880 2731 943 2772; x_wconf 90' lang='lat' dir='ltr'>cum</span> <span class='ocrx_word' id='word_1_191' title='bbox 960 2723 1040 2791; x_wconf 77' lang='lat' dir='ltr'>sunt,</span> 
     </span>
     <span class='ocr_line' id='line_1_31' title="bbox 91 2790 837 2872; baseline -0.008 -13"><span class='ocrx_word' id='word_1_192' title='bbox 91 2804 143 2859; x_wconf 79' lang='lat' dir='ltr'>tao</span> <span class='ocrx_word' id='word_1_193' title='bbox 155 2792 295 2857; x_wconf 85' lang='lat' dir='ltr'>sollicitae</span> <span class='ocrx_word' id='word_1_194' title='bbox 307 2791 424 2852; x_wconf 87' lang='lat' dir='ltr'>volitant</span> <span class='ocrx_word' id='word_1_195' title='bbox 436 2794 542 2853; x_wconf 84' lang='lat' dir='ltr'>morbis</span> <span class='ocrx_word' id='word_1_196' title='bbox 553 2790 678 2870; x_wconf 82' lang='lat' dir='ltr'>alguque</span> <span class='ocrx_word' id='word_1_197' title='bbox 690 2792 837 2872; x_wconf 79' lang='lat' dir='ltr'>fameque:</span> 
     </span>
     <span class='ocr_line' id='line_1_32' title="bbox 155 2873 842 2957; baseline -0.004 -17"><span class='ocrx_word' id='word_1_198' title='bbox 155 2896 261 2957; x_wconf 90' lang='lat' dir='ltr'>corpus</span> <span class='ocrx_word' id='word_1_199' title='bbox 277 2876 351 2936; x_wconf 90' lang='lat' dir='ltr'>enim</span> <span class='ocrx_word' id='word_1_200' title='bbox 367 2876 457 2952; x_wconf 77' lang='lat' dir='ltr'>magis</span> <span class='ocrx_word' id='word_1_201' title='bbox 468 2873 512 2935; x_wconf 88' lang='lat' dir='ltr'>his</span> <span class='ocrx_word' id='word_1_202' title='bbox 524 2877 602 2935; x_wconf 90' lang='lat' dir='ltr'>vitiis</span> <span class='ocrx_word' id='word_1_203' title='bbox 613 2875 705 2935; x_wconf 90' lang='lat' dir='ltr'>adline</span> <span class='ocrx_word' id='word_1_204' title='bbox 717 2874 842 2954; x_wconf 87' lang='lat' dir='ltr'>laborat,</span> 
     </span>
     <span class='ocr_line' id='line_1_33' title="bbox 154 2957 878 3038; baseline -0.003 -16"><span class='ocrx_word' id='word_1_205' title='bbox 154 2973 183 3024; x_wconf 89' lang='lat' dir='ltr'>et</span> <span class='ocrx_word' id='word_1_206' title='bbox 198 2960 268 3022; x_wconf 90' lang='lat' dir='ltr'>mala</span> <span class='ocrx_word' id='word_1_207' title='bbox 279 2957 365 3020; x_wconf 89' lang='lat' dir='ltr'>multa</span> <span class='ocrx_word' id='word_1_208' title='bbox 379 2961 486 3021; x_wconf 88' lang='lat' dir='ltr'>animus</span> <span class='ocrx_word' id='word_1_209' title='bbox 499 2959 660 3038; x_wconf 80' lang='lat' dir='ltr'>contagibu‘</span> <span class='ocrx_word' id='word_1_210' title='bbox 672 2959 798 3037; x_wconf 79' lang='lat' dir='ltr'>iungitur</span> <span class='ocrx_word' id='word_1_211' title='bbox 808 2962 878 3022; x_wconf 87' lang='lat' dir='ltr'>eius.</span> 
     </span>
     <span class='ocr_line' id='line_1_34' title="bbox 155 3043 888 3124; baseline -0.004 -17"><span class='ocrx_word' id='word_1_212' title='bbox 155 3047 206 3107; x_wconf 88' lang='lat' dir='ltr'>sed</span> <span class='ocrx_word' id='word_1_213' title='bbox 218 3055 311 3106; x_wconf 91' lang='lat' dir='ltr'>tamen</span> <span class='ocrx_word' id='word_1_214' title='bbox 323 3043 367 3104; x_wconf 84' lang='lat' dir='ltr'>luis</span> <span class='ocrx_word' id='word_1_215' title='bbox 379 3053 442 3104; x_wconf 89' lang='lat' dir='ltr'>esto</span> <span class='ocrx_word' id='word_1_216' title='bbox 454 3045 582 3123; x_wconf 88' lang='lat' dir='ltr'>quamvis</span> <span class='ocrx_word' id='word_1_217' title='bbox 593 3044 690 3104; x_wconf 85' lang='lat' dir='ltr'>iacere</span> <span class='ocrx_word' id='word_1_218' title='bbox 702 3043 770 3104; x_wconf 90' lang='lat' dir='ltr'>utile</span> <span class='ocrx_word' id='word_1_219' title='bbox 783 3062 888 3124; x_wconf 88' lang='lat' dir='ltr'>corpus</span> 
     </span>
     <span class='ocr_line' id='line_1_35' title="bbox 155 3126 965 3208; baseline -0.001 -18"><span class='ocrx_word' id='word_1_220' title='bbox 155 3132 200 3190; x_wconf 91' lang='lat' dir='ltr'>cui</span> <span class='ocrx_word' id='word_1_221' title='bbox 215 3130 348 3191; x_wconf 88' lang='lat' dir='ltr'>subeant:</span> <span class='ocrx_word' id='word_1_222' title='bbox 361 3137 389 3188; x_wconf 93' lang='lat' dir='ltr'>at</span> <span class='ocrx_word' id='word_1_223' title='bbox 401 3146 455 3205; x_wconf 81' lang='lat' dir='ltr'>qus</span> <span class='ocrx_word' id='word_1_224' title='bbox 467 3130 576 3208; x_wconf 90' lang='lat' dir='ltr'>possint</span> <span class='ocrx_word' id='word_1_225' title='bbox 592 3129 637 3187; x_wconf 90' lang='lat' dir='ltr'>via</span> <span class='ocrx_word' id='word_1_226' title='bbox 650 3126 726 3188; x_wconf 90' lang='lat' dir='ltr'>nulla</span> <span class='ocrx_word' id='word_1_227' title='bbox 736 3127 855 3190; x_wconf 82' lang='lat' dir='ltr'>videtur.</span> <span class='ocrx_word' id='word_1_228' title='bbox 960 3191 965 3203; x_wconf 72' lang='grc'><strong>,</strong></span> 
     </span>
     <span class='ocr_line' id='line_1_36' title="bbox 91 3213 897 3292; baseline -0.006 -13"><span class='ocrx_word' id='word_1_229' title='bbox 91 3223 141 3279; x_wconf 70' lang='grc'>735</span> <span class='ocrx_word' id='word_1_230' title='bbox 155 3214 221 3273; x_wconf 89' lang='lat' dir='ltr'>baut</span> <span class='ocrx_word' id='word_1_231' title='bbox 233 3216 319 3292; x_wconf 80' lang='lat' dir='ltr'>igitur</span> <span class='ocrx_word' id='word_1_232' title='bbox 331 3213 438 3272; x_wconf 81' lang='lat' dir='ltr'>faciunt</span> <span class='ocrx_word' id='word_1_233' title='bbox 448 3215 556 3273; x_wconf 89' lang='lat' dir='ltr'>animae</span> <span class='ocrx_word' id='word_1_234' title='bbox 571 3213 624 3271; x_wconf 85' lang='lat' dir='ltr'>sibi</span> <span class='ocrx_word' id='word_1_235' title='bbox 637 3229 758 3290; x_wconf 86' lang='lat' dir='ltr'>corpora</span> <span class='ocrx_word' id='word_1_236' title='bbox 771 3223 799 3274; x_wconf 93' lang='lat' dir='ltr'>et</span> <span class='ocrx_word' id='word_1_237' title='bbox 810 3225 897 3277; x_wconf 89' lang='lat' dir='ltr'>artus.</span> 
     </span>
     <span class='ocr_line' id='line_1_37' title="bbox 155 3296 837 3375; baseline -0.001 -16"><span class='ocrx_word' id='word_1_238' title='bbox 155 3316 210 3359; x_wconf 86' lang='lat' dir='ltr'>nee</span> <span class='ocrx_word' id='word_1_239' title='bbox 220 3307 314 3358; x_wconf 85' lang='lat' dir='ltr'>tamen</span> <span class='ocrx_word' id='word_1_240' title='bbox 327 3305 372 3357; x_wconf 90' lang='lat' dir='ltr'>est</span> <span class='ocrx_word' id='word_1_241' title='bbox 384 3296 498 3374; x_wconf 86' lang='lat' dir='ltr'>quidum</span> <span class='ocrx_word' id='word_1_242' title='bbox 511 3296 650 3375; x_wconf 86' lang='lat' dir='ltr'>perlectis</span> <span class='ocrx_word' id='word_1_243' title='bbox 661 3298 837 3360; x_wconf 89' lang='lat' dir='ltr'>insinuentur</span> 
     </span>
     <span class='ocr_line' id='line_1_38' title="bbox 156 3382 912 3462; baseline 0.001 -19"><span class='ocrx_word' id='word_1_244' title='bbox 156 3382 339 3460; x_wconf 82' lang='lat' dir='ltr'>corporibus:</span> <span class='ocrx_word' id='word_1_245' title='bbox 354 3399 448 3459; x_wconf 87' lang='lat' dir='ltr'>nequa</span> <span class='ocrx_word' id='word_1_246' title='bbox 461 3382 534 3440; x_wconf 91' lang='lat' dir='ltr'>enim</span> <span class='ocrx_word' id='word_1_247' title='bbox 547 3390 679 3458; x_wconf 88' lang='lat' dir='ltr'>poterunt</span> <span class='ocrx_word' id='word_1_248' title='bbox 695 3382 835 3462; x_wconf 88' lang='lat' dir='ltr'>suptiliter</span> <span class='ocrx_word' id='word_1_249' title='bbox 846 3403 912 3446; x_wconf 89' lang='lat' dir='ltr'>esso</span> 
     </span>
     <span class='ocr_line' id='line_1_39' title="bbox 156 3467 976 3550; baseline 0.006 -25"><span class='ocrx_word' id='word_1_250' title='bbox 156 3482 407 3543; x_wconf 83' lang='lat' dir='ltr'>conexae‚neque</span> <span class='ocrx_word' id='word_1_251' title='bbox 421 3483 579 3526; x_wconf 89' lang='lat' dir='ltr'>consensus</span> <span class='ocrx_word' id='word_1_252' title='bbox 592 3467 721 3544; x_wconf 82' lang='lat' dir='ltr'>contagia</span> <span class='ocrx_word' id='word_1_253' title='bbox 734 3468 809 3529; x_wconf 90' lang='lat' dir='ltr'>lient.</span> <span class='ocrx_word' id='word_1_254' title='bbox 969 3537 976 3550; x_wconf 22' lang='lat' dir='ltr'>q</span> 
     </span>
     <span class='ocr_line' id='line_1_40' title="bbox 110 3552 918 3613; baseline 0.006 -5"><span class='ocrx_word' id='word_1_255' title='bbox 110 3554 258 3608; x_wconf 81' lang='lat' dir='ltr'>Lucnsrrus</span> <span class='ocrx_word' id='word_1_256' title='bbox 898 3552 918 3613; x_wconf 91' lang='grc'><strong>6</strong></span> 
     </span>
    </p>
   </div>
   <div class='ocr_carea' id='block_1_3' title="bbox 0 0 1174 3854">
    <p class='ocr_par' dir='ltr' id='par_1_7' title="bbox 0 0 1174 3854">
     <span class='ocr_line' id='line_1_41' title="bbox 0 0 1174 3854; baseline 0 0"><span class='ocrx_word' id='word_1_257' title='bbox 0 0 1174 3854; x_wconf 95' lang='lat' dir='ltr'> </span> 
     </span>
    </p>
   </div>
  </div>
 </body>
</html>
