2340 3854
504 217 718 277 PRAEFATIO.
1066 242 1104 282 vn

100 404 119 442 a
129 386 237 444 bestiis.
268 386 355 440 Plane
373 385 474 441 eadem
490 402 553 442 cum
570 387 777 458 importunitate
793 388 869 445 idem
886 397 1006 462 nugator
1018 394 1103 465 paulo

101 485 189 542 snpra
204 485 267 525 cum
277 469 421 526 Lucretius
439 469 626 540 quaesivisset
738 480 740 484 ’

205 565 257 617 tta
274 565 389 627 Denique
401 579 446 614 cur
456 567 522 615 acris
533 565 656 616 violentia
664 567 737 616 triste
746 565 849 617 leonum

273 634 410 684 seminium
420 635 546 696 sequitur,
558 635 646 700 volpes
657 635 730 684 dolus
741 643 765 685 et
774 635 838 703 iupa
848 652 938 688 cervos

99 721 230 794 ascripsit
244 737 412 793 responsum

205 816 255 866 741
274 815 413 879 apatribus
423 816 498 865 datur
506 822 531 865 et
540 816 639 880 patrius
647 829 729 880 pavor
737 817 824 867 incitat
833 824 902 867 artas

97 903 146 958 ubi
161 909 189 959 et
197 892 310 966 ‘doctus
323 903 446 975 quidam'
458 904 534 976 apud
548 903 712 958 Lambinum
722 904 964 977 interpolationem
976 909 1003 960 et
1014 905 1103 961 Lach-

98 1003 218 1042 mannus
229 987 364 1043 irridendi
376 987 497 1043 studium
512 987 627 1059 agnovit
640 1004 677 1042 ex
687 990 748 1044 solo
757 988 957 1044 sententiarum
965 1005 1103 1045 connexu.

97 1070 130 1125 ln
145 1088 180 1126 eo
196 1076 289 1127 autem
300 1072 373 1140 loco,
386 1071 422 1127 de
439 1088 494 1142 quo
506 1071 616 1143 agimus
631 1070 693 1141 (111,
707 1074 879 1142 tta-ca),
894 1073 1003 1130 accedit
1017 1075 1102 1128 inter-

96 1153 247 1226 polationis
260 1154 393 1210 indicium
408 1171 425 1209 a
441 1155 586 1227 scripturis
604 1155 741 1211 codicum.
774 1156 874 1226 Neque
892 1157 1009 1213 enimin
1025 1158 1102 1212 codi-

97 1238 178 1294 cibus
189 1238 264 1294 idem
275 1237 306 1293 fit
318 1238 394 1309 quod
404 1239 433 1293 in
445 1238 612 1294 editionibus
624 1246 653 1293 ut
665 1245 730 1310 post
741 1255 855 1295 versum
868 1243 921 1298 760
930 1241 1012 1296 stulta
1023 1248 1104 1313 queat

93 1321 162 1392 fieri
181 1323 273 1378 statim
293 1329 426 1393 sequatur
445 1323 469 1377 is
494 1323 574 1377 ouius
591 1322 698 1376 initium
719 1328 831 1378 estnec
851 1328 907 1378 tam
923 1322 1029 1394 decim,
1051 1324 1104 1379 sed

96 1404 260 1459 interlicitur
276 1405 347 1460 alius
358 1406 399 1459 sic
411 1406 540 1475 quidem:

203 1496 255 1549 760
272 1497 352 1548 stulta
361 1504 438 1560 queat
446 1497 515 1562 fieri,
527 1512 573 1548 neo
583 1498 696 1562 prudens
706 1499 740 1548 sit
748 1514 813 1564 puer
825 1500 892 1552 ullus
899 1539 907 1563 ‚

271 1568 294 1615 si
304 1581 368 1631 non,
380 1575 449 1616 certa
457 1581 505 1617 suo
516 1567 576 1629 quia
585 1567 682 1616 semiue
692 1569 850 1632 seminioque

202 1634 253 1686 762
271 1651 318 1686 nec
327 1644 380 1685 tam
391 1635 480 1686 doctus
490 1649 569 1698 equae
578 1635 667 1700 pullus
677 1651 753 1699 quam
762 1637 837 1688 tortis
847 1643 906 1703 equi
915 1641 962 1694 vis.

95 1724 152 1779 iste
163 1723 273 1779 medius
290 1741 390 1781 versus
403 1726 518 1780 iteratur
533 1740 569 1779 ex
580 1740 624 1779 vs.
640 1725 693 1780 744
701 1721 785 1778 huius
801 1725 862 1781 libri
875 1728 961 1809 tertii,
974 1728 1024 1800 ubi,
1036 1745 1101 1799 per-

95 1807 136 1879 git
147 1806 291 1863 Lucretius
303 1809 358 1863 sic:

202 1903 254 1952 744
270 1898 292 1951 si
302 1917 366 1963 non,
377 1910 445 1953 certa
455 1917 501 1952 suo
512 1903 573 1965 quia
582 1903 680 1951 semine
690 1904 848 1966 seminioque

200 1971 251 2023 745
269 1972 308 2021 vis
318 1973 395 2021 animi
403 1972 499 2037 pariter
509 1971 601 2021 crescit
611 1985 669 2020 cum
679 1986 785 2037 corpore
794 1973 865 2022 toto?

96 2070 153 2114 lam
164 2060 226 2113 talrs
238 2058 346 2114 iteratio
365 2058 469 2112 anullo
483 2057 587 2112 institui
599 2058 689 2128 potuit
702 2057 756 2111 nisi
772 2060 807 2112 ab
824 2057 1039 2128 interpolatore,
1055 2061 1101 2128 qui

95 2141 210 2212 quidem
225 2159 259 2196 eo
273 2140 389 2197 consilio
400 2141 465 2194 illuc
484 2141 627 2211 respicere
645 2141 726 2194 iussit
740 2140 874 2208 lectores,
891 2147 921 2194 ut
937 2141 1031 2211 ipsum
1050 2143 1102 2197 sici

95 2223 290 2281 contradicere
319 2223 481 2279 ostenderet
502 2222 670 2278 Lucretium.
716 2220 810 2295 Supra
831 2223 906 2279 enim
926 2219 1014 2296 1744,
1034 2228 1101 2295 745)

95 2309 161 2380 quia
173 2309 230 2365 vim
245 2309 329 2364 animi
345 2307 451 2379 pariter
472 2323 535 2363 cum
550 2322 670 2378 corpore
688 2324 817 2363 crescere
832 2308 924 2364 statuit
939 2314 1038 2380 potita,
1055 2308 1101 2365 hic

94 2393 175 2461 (tto)
190 2408 241 2446 cur
255 2409 329 2465 puer
343 2393 435 2447 nullus
452 2392 487 2448 sit
496 2391 623 2464 prudens
634 2392 801 2464 interrogari
818 2409 874 2448 non
890 2393 1021 2449 debuisse
1040 2395 1100 2464 opi-

93 2481 177 2530 natus
193 2481 236 2530 est
251 2477 442 2547 interpolator.
490 2474 608 2544 (Similis
623 2476 692 2531 ratio
709 2492 844 2533 versuum
858 2480 1016 2537 ctu—651
1038 2477 1100 2533 libri

94 2557 214 2613 secundi
227 2559 402 2614 iterationem
412 2565 477 2630 post
487 2559 508 2631 1,
519 2561 554 2616 43
566 2560 734 2632 progenuit3
749 2560 807 2616 vid.
819 2559 892 2617 Nov.
909 2560 983 2615 Mus.
997 2558 1051 2616 Rh.
1064 2561 1100 2629 V,

93 2643 171 2710 576.)
220 2641 264 2696 Ex
282 2642 383 2698 eadem
408 2643 493 2714 igitur
512 2640 640 2711 officina,
664 2659 700 2697 ex
715 2659 770 2713 qua
786 2644 893 2699 iteratio
911 2641 973 2713 illa,
996 2642 1101 2716 prodiit

95 2724 180 2778 etiam
190 2739 291 2781 versus
307 2726 420 2782 islense
431 2731 486 2780 tam
497 2725 599 2795 metus,
617 2741 672 2797 quo
689 2727 795 2798 logicas
807 2727 926 2798 ineptias
938 2742 1005 2780 suas
1022 2743 1100 2782 scur-

94 2806 139 2862 rili
156 2806 285 2862 irrisione
301 2809 452 2864 cumulavit
471 2807 655 2868 versificator.
672 2836 716 2849 —
736 2808 864 2863 Eandem
888 2816 981 2865 autem
997 2811 1101 2867 malam

94 2906 209 2946 manum
224 2889 441 2963 deprehendere
457 2890 538 2946 nobis
554 2891 685 2947 videmur
701 2892 730 2946 in
744 2892 844 2948 talibus
856 2893 986 2949 versibus
1001 2894 1099 2965 quales

93 2977 223 3046 leguntur
237 2975 283 3045 ΠΙ,
294 2978 361 3043 585;
378 2974 425 3046 IV,
438 2976 504 3043 7933
524 2974 559 3044 V,
571 2979 638 3045 312,
658 2976 721 3047 qui,
738 2975 792 3030 nisi
804 2974 932 3034 codicum
946 2977 1098 3049 scripturas

92 3059 233 3117 violenter
245 3059 414 3129 mutaveris,
432 3076 489 3115 non
502 3065 634 3131 poterunt
649 3059 878 3116 Lucretianorum
889 3062 1040 3118 verborum
1057 3069 1097 3118 te·

93 3143 156 3201 nori
167 3142 303 3215 adaptari.
343 3141 445 3200 Contra
462 3150 510 3200 aut
525 3142 593 3200 nihil
607 3149 655 3200 aut
672 3143 816 3201 levissima
828 3145 961 3202 mutanda
972 3152 1050 3218 sunt,
1069 3151 1098 3199 ut

93 3228 140 3284 vel
152 3226 244 3283 irrisio
256 3229 303 3285 vel
315 3227 461 3300 explicatio
473 3229 679 3300 interpolatoris
695 3236 839 3301 appareat

154 3311 215 3366 Duo
230 3310 303 3368 haec
320 3314 540 3385 corruptelarum
560 3327 668 3383 genera
685 3314 754 3368 ultra
771 3312 859 3385 fines,
878 3331 949 3386 quos
971 3313 1012 3369 eis
1028 3328 1096 3367 con·

92 3393 178 3449 stituit
187 3394 400 3466 Lachmannus,
415 3397 556 3468 pertinere
569 3397 739 3468 putavimus.
769 3396 943 3455 Contrarium
955 3396 1056 3453 accidit
1069 3397 1097 3450 in

92 3494 129 3533 eo
142 3493 264 3551 gauere,
279 3479 317 3535 ad
333 3480 477 3550 quodiam
488 3479 638 3536 transimus
655 3481 788 3554 quodque
802 3483 957 3540 continetur
967 3494 1096 3539 aarum
