2340 3922
132 191 179 259 8-1
619 195 646 258 ll

220 363 368 442 inmagnis
378 360 813 426 latenallistbaccaerararum

220 447 363 509 sufiiciunt
374 445 457 507 nobis
468 454 497 506 ct
509 444 657 525 splendida
668 446 771 509 lumina
782 448 861 510 solis.

219 529 362 608 multaque
372 539 523 608 practerea
532 546 661 607 magnum
672 531 818 610 perinane
831 541 988 612 vagantur,

155 623 209 680 110
219 610 348 675 conciliis
358 628 453 672 rorum
464 629 537 692 quac
548 621 613 673 sunt
623 613 731 675 reiecta
742 632 797 693 nec
813 633 931 695 usquam

220 696 387 758 consociare
399 696 483 757 ctiam
494 704 587 757 motus
598 704 719 774 potuere
730 709 857 779 recepta.

220 781 317 858 cuius,
330 780 370 840 uti
383 796 527 856 memoro,
539 780 582 840 rei
592 778 771 841 simulacrum
783 793 812 843 et
824 785 917 861 imago

219 874 283 924 ante
296 862 397 923 oculos
408 879 524 941 semper
533 862 617 936 nobis
628 875 756 925 versatur
768 874 798 926 et
809 869 902 928 instat.

220 945 427 1025 contemplator
438 947 528 1023 enim,
541 963 605 1005 cum
616 945 687 1008 solis
699 946 802 1010 lumina
814 967 936 1030 cumque

154 1041 205 1096 115
220 1031 319 1092 inserti
330 1027 447 1089 fundunt
458 1027 527 1088 radii
539 1047 692 1109 peropaca
704 1030 863 1093 domorum:

217 1113 304 1174 multa
314 1114 418 1173 minuta
427 1110 517 1173 modis
528 1111 623 1174 multis
635 1132 689 1193 per
703 1117 785 1176 inane
795 1117 908 1178 videbis

220 1214 341 1279 corpora
351 1197 482 1273 misceri,
494 1195 634 1256 radiorum
645 1197 749 1259 lumina
764 1201 886 1280 inipso,

219 1292 248 1344 ct
259 1281 338 1343 uelut
347 1289 467 1343 aetcmo'
478 1282 631 1341 certamine
645 1281 754 1361 proelia
766 1301 874 1362 pugnas

218 1366 305 1428 edere
316 1364 455 1426 turmatim
466 1365 602 1425 certantia
614 1383 669 1426 neo
680 1365 747 1427 dare
759 1384 893 1446 pausam,

154 1459 206 1513 110
217 1448 346 1512 conciliis
358 1458 387 1508 et
398 1447 524 1508 discidiis
537 1451 664 1509 exercita
676 1451 799 1519 crebria;

218 1535 353 1595 conicere
363 1541 393 1591 ut
406 1532 501 1610 possis
513 1551 551 1592 ex
562 1532 637 1610 lroc,
650 1534 800 1612 primordia
812 1553 903 1595 rerum

218 1616 302 1697 quale
312 1617 349 1676 sit
361 1616 388 1675 in
399 1632 502 1693 magno
513 1617 609 1677 iactari
621 1635 736 1695 semper
747 1620 829 1677 inani.

217 1701 374 1776 dumtaxat,
386 1717 479 1758 rarum
490 1717 651 1777 magnarum
662 1718 747 1779 parva
757 1709 853 1780 potest
864 1721 914 1763 res

217 1782 379 1862 exemplare
393 1782 460 1844 dare
473 1793 502 1843 et
513 1785 634 1860 uestigia
644 1785 760 1844 notitiai.

154 1878 204 1931 125
216 1869 273 1928 hoc
285 1868 368 1928 etiam
379 1868 469 1944 magia
481 1867 554 1927 haec
563 1869 683 1926 animum
693 1877 722 1927 tc
735 1868 885 1930 advertere
897 1886 948 1948 par
959 1877 1006 1931 cst

217 1968 338 2030 corpom
350 1968 422 2029 quae
437 1952 465 2010 in
476 1949 547 2011 solis
558 1950 642 2012 radiis
654 1952 767 2012 turbare
778 1952 926 2031 videntur,

217 2034 292 2114 quod
304 2033 375 2095 tales
387 2035 485 2096 turbae
498 2043 591 2096 motus
603 2051 718 2114 quoque
730 2038 854 2096 materiai

217 2118 374 2196 significant
387 2118 578 2181 clandestinos
593 2137 755 2198 caecosque
768 2120 899 2182 subesse.

216 2201 302 2262 multa
313 2202 424 2265 videbis
437 2205 510 2263 enim
522 2202 614 2282 plagis
626 2203 665 2262 ibi
676 2205 786 2282 percita
799 2207 893 2266 caecis

152 2295 204 2350 130
216 2297 388 2347 commutare
398 2288 471 2347 viam
482 2297 617 2365 retroque
629 2285 745 2365 repulsa
756 2289 879 2363 reverti,

216 2388 290 2431 nunc
301 2370 357 2429 hnc
369 2388 443 2429 nunc
455 2368 541 2445 illuc,
552 2370 580 2427 in
592 2379 710 2429 cunctas
721 2369 844 2448 undique
856 2371 953 2446 partis.

215 2453 328 2515 scilicet
339 2498 348 2530 ,
361 2453 407 2512 hic
418 2470 434 2511 a
446 2452 592 2529 principiis
603 2461 648 2511 eat
661 2452 789 2512 omnibns
802 2469 890 2512 error.

216 2539 304 2616 prima
316 2542 463 2595 moventur
473 2536 547 2594 enim
558 2552 611 2612 per
621 2553 654 2595 se
667 2536 817 2614 primordia
827 2553 936 2595 rarum:

216 2619 280 2680 inde
293 2638 326 2679 ea
339 2637 411 2697 quae
422 2634 511 2696 parvo
522 2627 586 2678 sunt
599 2635 721 2698 corpora
732 2618 883 2680 conciliatu

152 2713 203 2769 135
219 2714 248 2765 at
260 2705 339 2783 quasi
350 2704 477 2781 proxima
489 2710 552 2762 sunt
565 2701 600 2762 ad
610 2703 678 2763 viris
689 2703 908 2782 principiorum,

217 2788 320 2849 ictibus
332 2785 441 2847 illorum
455 2787 550 2847 caecis
562 2785 673 2866 inpulsa
689 2788 813 2865 cientur,
883 2835 885 2837 ,

215 2875 334 2951 ipsaque
346 2887 485 2951 proporro
498 2869 582 2949 paulo
593 2872 697 2931 maiora
709 2870 863 2932 lacessunt.

216 2959 258 3017 sic
268 2975 284 3016 a
295 2956 440 3035 principiis
452 2953 580 3015 ascendit
591 2964 684 3014 motus
693 2964 722 3014 et
734 2957 793 3014 exit

214 3038 345 3119 paulatim
356 3047 469 3100 nostros
480 3037 516 3097 ad
527 3056 645 3114 sensus,
658 3047 687 3097 ut
699 3047 864 3097 moveantur

152 3131 203 3187 140
214 3123 262 3183 illa
273 3140 404 3201 quoque,
415 3124 443 3182 in
456 3120 527 3183 solis
540 3138 612 3200 quae
623 3119 728 3180 lumine
740 3139 860 3181 cernere
873 3122 982 3199 quimus

215 3204 270 3268 nec
283 3206 384 3285 quibus
396 3206 424 3265 id
437 3205 540 3266 iaciant
551 3204 643 3284 plagis
655 3214 774 3283 apparet
785 3213 894 3282 aperte.

255 3287 337 3349 Nunc
349 3306 421 3368 quac
432 3288 573 3349 mobilitas
584 3290 620 3348 sit
632 3287 740 3348 reddita
752 3289 875 3348 materiai

216 3373 401 3452 corporibus,
413 3373 512 3450 paucis
524 3371 592 3433 licet
604 3372 670 3432 hino
681 3388 862 3450 cognoscere
872 3416 881 3450 ,
891 3371 1013 3433 Memmi.

214 3456 333 3536 primum
344 3472 444 3518 aurora
454 3472 528 3515 novo
542 3473 604 3516 cum
614 3457 722 3536 spargit
734 3455 838 3517 lumine
850 3464 958 3533 terras,
