2340 3854
570 189 584 251 l

158 355 281 415 interris
294 372 434 433 oppressa
448 357 527 435 gravi
539 356 592 416 sub
603 353 762 434 religiono,

159 456 231 516 quae
245 448 327 516 caput
339 457 355 498 a
367 438 440 500 caeli
452 438 617 516 regionibus
630 438 799 500 ostendebat

108 532 143 587 65
160 519 288 581 horribili
300 540 388 600 super
399 533 519 602 aspectu
532 522 697 583 mortalibus
709 525 832 599 instans,

157 607 276 684 primum
288 604 387 666 Graius
399 607 485 667 bomo
497 606 622 666 mortalis
633 605 752 668 tendere
765 615 863 668 contra

158 698 203 749 est
215 688 316 748 oculos
327 707 414 750 ausus
424 693 589 769 primusque
602 690 744 751 obsistere
758 700 870 757 contra;

158 789 241 852 quern
253 791 347 851 neque
360 773 422 832 fana
435 775 518 834 deum
529 793 584 834 uec
596 773 711 834 fulmina
722 793 777 835 nec
789 775 924 834 minitanti

157 873 299 916 murmure
312 860 482 934 compressit
495 857 621 934 caelum,
641 858 693 918 sed
706 876 742 919 eo
753 860 842 936 magis
854 876 949 918 acrem

106 949 142 1004 to
157 941 250 1000 inritat
262 941 343 998 animi
354 942 503 1018 virtutem,
517 941 670 1018 effringere
684 951 714 1002 ut
725 953 784 1002 arta

156 1032 272 1083 naturae
284 1024 391 1102 primus
404 1035 546 1103 portarum
559 1025 682 1085 claustra
693 1029 812 1104 cupiret.

157 1124 229 1184 ergo
243 1107 335 1167 vivida
346 1109 389 1168 vis
401 1111 483 1168 animi
495 1111 635 1188 pervicit,
648 1119 677 1170 et
689 1119 768 1170 extra

156 1193 300 1271 processit
311 1190 398 1269 longe
411 1192 576 1252 flammantia
587 1195 698 1253 moenia
710 1194 804 1254 mundi

157 1287 242 1353 atque
256 1292 338 1335 omne
350 1277 516 1336 immensum
528 1278 688 1354 peragravit
697 1287 792 1337 mente
805 1278 968 1355 animoque;

108 1369 142 1424 ts
158 1359 232 1418 unde
241 1358 331 1417 refert
343 1360 425 1418 nobis
437 1362 530 1418 victor
542 1359 609 1438 quid
620 1361 713 1437 possit
725 1362 808 1437 oriri,

158 1442 224 1520 quid
234 1450 374 1519 nequeat,
387 1442 464 1502 linita
475 1450 603 1520 potestas
616 1441 738 1522 denique
751 1446 854 1522 cuique

157 1543 211 1605 qua
223 1542 285 1583 nam
297 1526 333 1584 sit
344 1527 453 1586 ratione
464 1534 549 1604 atque
561 1526 618 1586 alte
630 1529 765 1587 terminus
776 1528 907 1589 haerens.

156 1628 244 1688 quare
256 1607 358 1685 religio
371 1608 491 1688 pedibus
502 1610 633 1670 subiecta
642 1611 769 1672 vicissim

157 1695 312 1773 opteritur,
324 1711 378 1754 nos
391 1704 530 1772 exaequat
542 1696 661 1754 victoria
674 1695 764 1755 caelo.

106 1789 142 1843 80
198 1775 271 1836 lllud
282 1778 310 1835 iu
321 1776 365 1838 bis
377 1778 463 1837 rebus
474 1796 595 1855 vereor,
614 1796 650 1838 ne
662 1777 736 1838 forte
748 1780 836 1840 rearis

154 1863 228 1939 inpia
241 1870 269 1920 te
280 1862 396 1921 rationis
408 1863 478 1921 inire
491 1861 633 1922 elementa
643 1864 773 1940 viamque

155 1943 303 2022 indugredi
315 1944 446 2006 sceleris.
468 1944 544 2024 quod
557 1954 655 2006 contra
666 1948 781 2024 saepius
793 1945 840 2005 illa

154 2029 257 2105 religio
269 2031 382 2106 peperit
393 2028 542 2090 scelerosa
551 2039 635 2106 atque
648 2031 731 2108 impia
744 2029 826 2089 facta.

154 2112 258 2174 Aulide
270 2129 326 2188 quo
338 2121 422 2189 pacto
434 2110 536 2170 Triviai
548 2113 664 2188 virginis
677 2129 751 2170 aram

103 2207 137 2262 85
156 2196 328 2276 Iphianassai
340 2203 486 2273 turparunt
497 2197 633 2272 sanguine
645 2194 731 2255 foede

154 2283 289 2340 ductores
300 2278 425 2338 Danaum
437 2278 558 2356 delecti,
572 2281 659 2358 prima
671 2282 802 2339 virorum.

156 2367 201 2427 cui
215 2361 297 2425 simul
309 2363 396 2422 infula
406 2365 551 2441 virgineos
564 2366 669 2424 circum
681 2363 744 2424 data
755 2372 884 2441 comptus

154 2467 192 2510 ex
203 2457 320 2526 utraque
331 2450 392 2526 pari
404 2447 536 2508 malarum
549 2457 630 2526 parte
643 2450 805 2526 profusam,

155 2543 184 2594 et
195 2541 332 2592 maestum
343 2531 500 2592 simulante
512 2550 574 2592 aras
585 2531 697 2592 adstare
709 2542 855 2610 parentem

106 2627 141 2682 90
155 2617 265 2692 sensit,
279 2625 308 2675 et
319 2615 394 2674 bunc
405 2621 525 2694 propter
537 2616 643 2676 ferrum
655 2616 751 2676 celare
762 2617 923 2692 ministros,

154 2708 331 2778 aspectuque
342 2715 394 2760 suo
407 2698 535 2760 lacrimas
547 2698 693 2759 effundere
706 2701 793 2775 civis,

154 2792 229 2843 mutu
240 2790 315 2841 mctu
327 2790 430 2842 terram
443 2784 564 2858 genibus
576 2785 723 2842 summissa
734 2781 867 2860 petebat:

154 2885 209 2928 nec
220 2867 340 2925 miserae
353 2864 493 2944 prodesse
504 2866 531 2923 in
543 2865 591 2924 tali
602 2874 731 2944 tempore
745 2865 841 2944 quibat

155 2949 230 3031 quod
242 2950 333 3028 patn'o
345 2951 479 3028 princeps
492 2948 608 3010 donarat
619 2951 731 3010 nomine
741 2966 856 3025 regern:
947 3020 949 3023 v

106 3044 140 3100 95
153 3054 216 3095 uam
226 3032 337 3095 sublata
347 3034 436 3092 virum
446 3034 573 3094 manibus
585 3032 816 3110 tremibundaque
827 3032 861 3092 ad
872 3050 934 3094 aras

154 3119 319 3195 deductast,
336 3136 392 3178 uon
404 3126 433 3177 ut
445 3115 575 3179 sollemni
588 3135 666 3178 more
678 3133 823 3178 sacrorum

153 3203 285 3283 perfecto
297 3212 398 3280 posset
411 3201 488 3261 claro
501 3203 627 3263 comitari
638 3200 820 3277 Hymenaeo,

118 3284 141 3327 ⁶
153 3287 205 3348 sed
218 3295 295 3346 casta
308 3288 435 3362 inceste,
448 3285 571 3347 nubendi
583 3295 712 3364 tempore
723 3287 751 3343 in
764 3286 845 3363 ipso,

152 3371 245 3432 hostia
259 3369 424 3431 concideret
435 3380 556 3430 mactatu
567 3379 674 3430 maesta
687 3371 828 3448 parentis,

87 3465 139 3518 100
153 3457 245 3516 exitus
256 3462 287 3513 ut
299 3453 383 3514 classi
396 3451 466 3514 felix
477 3455 643 3532 faustusque
655 3453 776 3514 daretur.
861 3535 903 3598 l.
