2340 3854
139 218 200 284 loe
619 219 658 280 lV

222 387 326 449 diditur
336 398 365 449 et
376 406 457 448 rarae
469 386 609 467 perplexa
620 387 754 446 lomminu
765 385 888 464 linguae.
933 403 936 408 ’

159 482 212 536 620
222 471 280 532 lroc
290 472 339 532 nbi
350 471 425 533 levia
436 480 502 531 suut
512 472 648 533 manantis
661 486 783 549 corpora
794 472 873 547 suci,

223 557 348 616 suaviter
358 557 498 633 attingunt
509 562 539 615 et
549 555 674 614 suaviter
686 555 778 613 onmia
786 562 925 631 tractant,

223 638 315 698 umida
325 637 431 716 linguai
443 639 550 698 circum
561 636 681 698 sidentia
692 636 812 716 templa:

223 732 251 782 at
264 731 362 783 eontra
373 731 501 800 pungunt
511 738 628 781 sensum
638 719 822 799 lacerantque
836 728 952 798 coorta,

224 814 328 884 quanto
342 823 473 884 quaeque
487 806 576 881 magis
588 812 653 865 sunt
663 805 818 882 asperitate
828 803 950 883 repleta.

159 898 211 952 625
225 889 327 950 deinde
338 887 472 967 uoluptas
485 897 530 948 est
542 907 559 946 e
572 905 643 948 suco
655 888 710 947 line
722 887 824 966 palati:

225 991 288 1032 eum
299 989 370 1032 vero
383 971 517 1031 deorsum
527 989 580 1049 per
591 971 691 1031 fauces
702 972 917 1050 praecipitavit,

224 1055 300 1115 nulla
312 1054 445 1133 voluptas
457 1063 521 1130 est,
533 1052 598 1112 dnm
609 1053 712 1113 diditur
724 1056 813 1114 omnis
824 1055 853 1114 in
862 1063 950 1113 artus.

224 1157 280 1199 nee
290 1137 381 1198 refert
392 1139 542 1216 quiequam
554 1154 611 1214 quo
622 1138 700 1197 viem
712 1155 818 1216 eorpus
828 1135 935 1213 alatur,

225 1221 373 1281 dummodo
386 1221 463 1300 qnod
475 1223 570 1299 capias
582 1228 752 1280 concoctum
764 1220 862 1279 didere
874 1222 973 1298 possis

161 1313 213 1368 6³0
224 1306 340 1366 artubus
351 1313 382 1364 et
392 1303 530 1364 stomachi
542 1302 693 1362 umidulum
710 1321 827 1363 servare
838 1312 977 1363 tenorem.

267 1387 350 1448 Nunc
361 1388 424 1448 aliis
434 1387 506 1448 alius
518 1389 565 1464 qni
576 1387 613 1446 sit
625 1386 700 1447 cibn'
713 1385 910 1465 suppeditatas

226 1472 394 1551 expediam,
406 1488 549 1550 querere,
562 1468 624 1530 aliis
637 1469 713 1548 quod
724 1472 806 1530 triste
817 1479 847 1530 et
857 1479 1025 1548 amarumst,

225 1556 282 1614 hoc
294 1564 388 1614 tamen
399 1572 468 1615 esse
478 1553 540 1612 aliis
552 1555 645 1631 possit
655 1552 794 1631 perdulce
805 1552 896 1613 videri
903 1599 913 1629 ,

226 1648 359 1716 tantaque
370 1640 398 1697 in
409 1637 453 1698 his
464 1637 552 1696 rebus
564 1636 694 1697 distantia
707 1636 921 1715 differitasque,
977 1704 981 1711 ,

162 1731 214 1786 635
226 1732 257 1782 ut
269 1721 345 1801 quod
355 1719 393 1780 ali
405 1722 486 1781 cibus
499 1729 544 1780 est
555 1719 617 1780 aliis
629 1720 688 1779 luat
700 1738 767 1780 acre
776 1738 934 1796 venenum,

227 1805 339 1865 dedicat
350 1814 380 1864 ut
392 1822 532 1882 serpens,
545 1803 664 1863 hominis
677 1823 750 1882 quae
761 1813 835 1864 taeta
846 1802 942 1864 salivis

227 1890 347 1967 disperit
358 1905 393 1948 uc
405 1907 473 1947 sese
484 1886 642 1946 mandendo
656 1889 770 1948 coniicit
780 1890 852 1966 ipsa.

226 1981 376 2052 praeterea
385 1971 469 2031 nobis
478 1980 621 2030 veratrum
634 1981 680 2032 est
692 1989 760 2031 aere
770 1989 926 2048 uenenum,

227 2068 254 2119 at
267 2058 359 2134 capris
371 2055 470 2134 adipes
477 2064 512 2115 'et
524 2055 717 2116 coturnicibus
729 2064 823 2133 auget.

163 2149 216 2202 640
227 2151 258 2202 ut
270 2141 372 2218 quibus
386 2139 414 2199 id
425 2140 472 2199 liat
482 2139 570 2200 rebus
583 2156 765 2217 cognoscere
778 2140 893 2218 possis,

227 2225 367 2303 principio
378 2224 542 2283 meminisse
555 2222 640 2283 decet
651 2241 724 2300 quae
736 2223 855 2283 diximus
870 2230 952 2298 ante,

228 2308 334 2368 semina
345 2306 514 2367 multimodis
526 2308 554 2365 in
565 2307 651 2367 rebus
664 2308 749 2365 mixta
759 2308 859 2366 teneri.

226 2406 313 2470 porro
326 2407 424 2448 omnes
437 2406 632 2466 quaecumque
646 2390 738 2449 cibum
754 2392 867 2469 capiunt
877 2391 1051 2467 aninmntes,

226 2482 257 2533 ut
269 2481 334 2533 sunt
346 2471 497 2532 dissimiles
509 2474 688 2532 extrinsecus
701 2483 730 2534 et
741 2475 897 2550 generatim
1034 2471 1038 2476 ’

163 2566 215 2618 645
227 2558 330 2616 extima
340 2555 529 2615 membrorum
544 2556 649 2615 circum
664 2574 782 2617 caesura
795 2565 931 2633 coercet,

227 2639 346 2720 proinde
358 2657 396 2699 ex
406 2639 561 2699 seminibus
574 2650 704 2701 constant
714 2643 839 2703 variante
852 2643 949 2718 ligura.

228 2727 334 2785 semina
347 2741 410 2784 oum
420 2740 507 2802 porro
520 2723 642 2801 distent,
655 2725 769 2785 differre
781 2733 934 2787 necessest

227 2807 375 2868 intervalla
385 2809 520 2886 uiasque,
532 2807 666 2867 foramina
678 2827 751 2887 quae
762 2809 964 2887 perhibemus,

228 2892 357 2952 omnihus
368 2893 396 2950 in
408 2892 541 2951 membris
553 2894 621 2951 etin
633 2910 683 2952 ore
695 2894 818 2970 ipsoque
829 2889 940 2969 palato:

163 2985 216 3037 650
228 2995 296 3036 esse
311 2978 417 3035 minora
428 2977 515 3052 igitur
526 2974 662 3054 quaedam
674 2978 836 3052 maioraque
849 2971 971 3049 debent,

228 3078 296 3118 esse
308 3061 443 3137 triquetro
455 3058 534 3134 aliis,
550 3058 613 3118 aliis
624 3057 758 3135 quadrata
770 3063 942 3131 necessest,

227 3141 313 3200 multa
326 3142 461 3219 rutunda,
472 3141 563 3202 modis
574 3140 669 3200 multis
680 3138 852 3217 multangula
864 3138 1011 3217 quaedum.

227 3241 347 3301 namque
360 3225 510 3299 figurarum
522 3227 592 3284 ratio
604 3234 635 3284 ut
646 3232 798 3301 motusque
808 3232 984 3302 reposcunt,

227 3306 347 3385 proinde
358 3306 540 3366 foraminibus
552 3308 658 3368 debent
670 3306 784 3366 dinem
796 3307 920 3384 figurae,

162 3399 214 3452 555
228 3398 257 3448 et
268 3392 377 3450 variam
390 3391 454 3449 vine
465 3390 584 3468 proinde
595 3409 630 3450 ac
641 3399 751 3450 textura
767 3397 895 3451 coercet.

228 3472 285 3532 lroc
296 3474 344 3533 ubi
356 3473 432 3551 quod
444 3490 532 3533 suave
545 3482 590 3533 est
601 3473 664 3534 aliis
675 3473 738 3534 ullis
755 3475 784 3534 lit
793 3493 933 3552 amarum,
