2340 3854
135 212 180 275 dd
425 210 429 216 '
620 203 661 265 lll

221 387 307 456 atque
319 376 427 437 mimae
441 375 522 452 quusi
533 389 601 452 pars
612 372 750 449 hominis,
761 358 851 433 redde
862 371 1016 434 harmoniai

222 478 343 537 nomen,
355 458 390 517 ad
401 458 553 536 organicos
565 455 623 516 alto
634 454 757 516 delatum
767 453 914 539 lleliconi3

223 547 286 606 sive
297 540 410 602 aliunde
421 542 477 620 ipsi
489 556 577 620 porro
588 549 702 600 traxere
717 546 747 599 et
757 540 786 599 in
797 537 874 599 illam

223 625 443 703 transtulerunt,
454 625 572 704 proprio
585 641 658 701 quae
669 632 727 683 tum
737 640 786 684 res
797 624 911 686 nomine
921 625 1041 703 egebat.

160 721 211 778 135
227 709 363 790 quidquid
375 711 410 769 id
421 717 484 786 est,
495 707 632 768 habeant:
643 715 673 767 tu
685 714 783 767 cetera
794 708 914 786 percipe
924 707 1009 770 dieta.

264 792 348 854 Nunc
358 794 479 854 animum
489 800 575 870 atque
586 792 703 850 animam
717 789 783 850 dico
796 791 947 851 coniuncta
957 794 1057 854 teneri

223 881 298 940 inter
309 896 343 938 se
354 885 440 954 atque
455 893 537 934 unam
547 883 673 934 naturam
685 874 830 936 conficere
841 891 880 935 ex
889 893 940 953 55,

225 961 278 1024 sed
293 969 378 1040 caput
393 978 461 1019 esse
475 960 556 1036 quasi
567 967 597 1018 et
608 958 744 1018 dominari
755 959 784 1017 iu
796 975 920 1038 corpore
934 968 998 1021 tcto

225 1043 391 1121 consilium,
404 1041 481 1122 quod
492 1059 545 1102 nos
557 1043 677 1102 55555555
686 1050 868 1120 mentemque
882 1059 1031 1104 vocamus.

162 1141 213 1196 140
224 1130 311 1209 idque
322 1129 406 1189 situm
416 1125 508 1187 media
517 1127 639 1203 regione
650 1127 678 1185 iu
689 1127 817 1201 pectoris
828 1124 937 1187 haeret.

224 1214 272 1275 hic
285 1211 394 1273 exultat
404 1211 480 1271 enim
494 1227 583 1289 pavor
596 1228 630 1269 ac
641 1217 751 1287 metus,
765 1209 838 1270 llaec
849 1208 914 1270 loca
926 1211 1037 1272 circum
1086 1217 1088 1220 '

225 1298 350 1359 laetitiae
361 1293 502 1355 mulcent:
514 1292 561 1354 lric
573 1310 644 1371 ergo
656 1311 736 1353 meos
748 1296 950 1372 animusquest.

227 1390 325 1444 cetera
336 1397 403 1460 pars
415 1380 523 1438 animae
534 1397 588 1458 per
597 1387 688 1438 totum
698 1376 797 1437 dissita
809 1395 915 1456 corpus

225 1474 308 1545 paret
319 1473 349 1523 et
359 1462 395 1523 ad
405 1480 508 1522 numen
518 1463 621 1522 mentis
634 1477 804 1539 momenque
816 1471 956 1522 moretur.

164 1558 215 1611 155
228 1548 313 1626 idque
325 1548 379 1606 sibi
392 1545 485 1606 solum
495 1563 549 1624 per
560 1564 593 1606 55
605 1547 693 1624 sapit:
704 1547 740 1605 e'd
751 1545 805 1606 sibi
816 1545 938 1624 gaudet,

229 1649 292 1693 cum
304 1648 399 1708 neque
413 1646 461 1690 res
477 1631 594 1688 animam
605 1646 700 1706 neque
716 1646 822 1708 eorpus
833 1640 994 1692 commovet
1004 1648 1074 1693 555.

228 1724 258 1775 et
270 1715 367 1793 quasi,
380 1730 445 1773 cum
457 1721 542 1793 caput
552 1721 600 1773 aut
612 1712 714 1773 oculus
726 1721 882 1792 temptante
895 1713 996 1775 dolore

227 1797 349 1857 laeditur
359 1799 388 1855 io
399 1797 499 1874 nubis,
511 1813 568 1856 non
580 1798 654 1856 omni
666 1799 879 1856 concruciamur

230 1898 371 1959 corpore,
387 1881 430 1940 sic
441 1881 548 1941 animus
560 1897 767 1958 nonnumquam
778 1879 899 1942 laeditur
908 1882 973 1961 ipse

165 1978 217 2030 150
228 1966 395 2042 laetitiaque
405 1965 503 2041 uiget,
517 1982 580 2024 cum
592 1973 690 2025 cetera
701 1982 767 2043 pars
778 1967 877 2026 animai

228 2069 283 2131 per
293 2047 420 2109 membra
430 2057 516 2124 atque
527 2058 604 2110 artus
615 2047 692 2107 nulla
702 2051 827 2109 nouitate
840 2051 945 2110 cietur:

229 2152 328 2194 verum
340 2133 388 2192 ubi
400 2134 525 2192 vementi
536 2134 625 2210 magis
640 2141 686 2192 est
698 2142 837 2193 commota
848 2142 925 2193 metu
937 2150 1039 2211 mens,

232 2218 396 2279 consentire
410 2217 528 2275 animam
540 2225 629 2277 totam
639 2233 693 2293 per
704 2216 829 2277 membra
839 2215 987 2295 videmus,

231 2301 411 2376 sudoresque
426 2300 465 2358 ita
477 2296 675 2376 palloremque
687 2301 813 2358 existere
827 2308 889 2359 toto

167 2395 217 2447 155
234 2399 358 2461 corpore
369 2390 399 2440 et
409 2380 524 2457 infringi
539 2379 662 2456 linguam
674 2397 835 2458 vocemque
847 2382 968 2462 aboriri,

232 2465 357 2542 caligare
370 2461 490 2539 oculos,
502 2480 607 2523 sonere
620 2465 713 2539 auris,
725 2464 877 2525 succidere
888 2475 985 2546 artus,

232 2549 355 2624 denique
368 2544 521 2606 concidere
532 2565 569 2606 ex
581 2548 662 2606 animi
673 2555 784 2606 terrore
795 2548 924 2610 videmus

232 2648 322 2708 saepe
337 2630 482 2699 homiues;
494 2630 579 2691 iacile
593 2639 623 2691 ut
635 2632 728 2709 quivis
741 2631 806 2693 hinc
818 2651 942 2695 noscere
954 2635 1049 2714 possit

232 2734 299 2778 5555
314 2717 432 2775 animam
443 2732 506 2775 eum
517 2716 608 2775 auimo
624 2718 818 2795 coniunctam,
831 2737 904 2795 quae
920 2736 983 2779 eum
995 2719 1081 2780 animi
1091 2720 1125 2783 vl

168 2811 220 2865 160
231 2808 415 2881 percussast,
432 2801 506 2860 exim
521 2818 626 2880 corpus
638 2801 774 2882 propellit
786 2811 815 2862 et
827 2805 885 2862 icit.

273 2883 352 2945 llaec
365 2883 465 2943 eadem
476 2886 548 2944 ratio
559 2894 683 2945 naturam
694 2888 776 2946 animi
788 2895 873 2962 atque
884 2885 983 2943 animai

233 2985 400 3049 corpoream
412 2967 498 3028 docet
510 2987 593 3029 esse:
606 2970 653 3027 ubi
668 2971 741 3027 euim
752 2967 918 3046 propellere
929 2965 1073 3046 membra,

117 3080 124 3088 ·
234 3055 380 3132 corripere
392 3071 430 3113 ex
441 3069 541 3113 somno
557 3069 679 3131 corpus,
692 3059 857 3126 mutareque
868 3047 976 3108 uultum

232 3147 317 3215 atque
331 3136 472 3196 hominem
483 3144 573 3196 totum
585 3152 689 3212 regere
701 3152 736 3194 ac
747 3152 865 3194 uersare
880 3132 1008 3210 videtur,

170 3231 219 3286 165
233 3238 352 3300 quorum
366 3220 405 3280 nil
418 3220 479 3279 lieri
491 3222 553 3280 sine
564 3227 641 3280 tactu
653 3234 741 3296 posse
753 3217 899 3295 uidemus,

232 3324 288 3368 555
300 3313 405 3366 tactum
416 3320 503 3381 porro
515 3305 577 3364 sine
590 3318 732 3378 corpore,
744 3319 837 3361 nonne
850 3300 1022 3363 fatendumst

234 3405 376 3467 corporee
387 3395 485 3446 nutura
498 3388 618 3445 animum
631 3394 762 3448 constare
775 3381 971 3465 animumque?

232 3480 383 3552 praeterea
394 3471 500 3549 pariter
514 3469 593 3548 iungi
607 3487 670 3530 5555
683 3487 805 3550 corpore
818 3480 847 3533 et
861 3489 914 3532 555
