2340 3854
137 206 180 269 ⁹2
616 205 657 266 lv

228 387 258 439 ut
269 394 421 456 puerorum
433 385 512 438 oetas
522 375 671 455 inprovida
685 375 848 437 ludiiicetur

175 473 208 524 la
223 460 367 521 labrorum
377 470 479 538 tenus,
491 461 602 521 interea
613 468 749 540 perpotet
761 476 885 531 amarum

223 543 345 604 absinthi
356 542 486 621 laticem,
499 543 679 623 deceptaque
690 561 749 605 nou
763 544 906 621 cupiatur,

224 626 276 688 sed
288 630 383 707 potius
394 627 444 689 tali
457 637 543 707 pacto
553 637 682 699 recreata
693 626 837 703 valescat,

225 713 269 771 sie
281 729 338 790 ego
349 730 440 789 nunu,
452 712 584 790 quoniam
594 711 668 779 haec
676 712 748 771 ratio
760 708 929 789 plerumque
939 709 1055 787 uidptnr

224 797 333 856 tristior
344 814 412 856 esse
423 795 527 874 quibus
539 812 596 855 non
608 804 654 855 est
665 803 799 870 tractata,
812 802 949 872 retroque

173 888 208 941 20
223 878 327 956 volgus
340 878 474 939 abhorret
484 879 521 939 ah
532 877 604 956 hae,
617 877 695 939 volui
707 878 757 938 tibi
769 876 979 956 suauiloquenti

225 965 347 1022 carmine
358 961 452 1022 Pierio
462 964 600 1022 rationem
617 979 765 1041 exponere
775 971 900 1023 nostram

224 1055 253 1106 et
265 1048 345 1123 quusi
357 1063 474 1107 musaeo
485 1044 562 1107 dulci
574 1048 741 1122 contingere
752 1043 855 1114 melle;

225 1132 248 1189 si
260 1131 311 1189 tibi
321 1129 396 1191 forte
408 1131 528 1190 animum
538 1129 586 1189 tali
597 1132 706 1191 ratione
717 1138 819 1190 tenere

223 1213 355 1274 versibus
366 1215 394 1274 in
405 1215 511 1275 nostris
522 1231 654 1292 possem,
667 1213 733 1273 dum
742 1212 871 1291 percipis
881 1229 995 1274 omnem

176 1309 210 1359 25
225 1307 350 1356 naturam
360 1315 454 1357 rerum
465 1316 500 1357 ac
510 1298 654 1376 persentis
666 1296 822 1365 utilitatem,
839 1294 852 1377 ΙΙ

251 1426 254 1432 .
266 1383 363 1458 Atque
375 1382 457 1441 animi
468 1383 600 1458 quoniam
611 1379 696 1441 docui
707 1389 805 1441 natura
817 1379 884 1460 quid
895 1389 975 1441 essct

225 1474 254 1524 et
266 1464 368 1542 quibus
380 1484 397 1524 e
409 1465 497 1525 rebus
509 1482 572 1524 eum
585 1482 708 1543 corpore
721 1475 834 1543 compta
845 1467 958 1542 vigeret

226 1565 320 1626 quove
331 1547 416 1608 modo
427 1547 561 1608 distracta
572 1546 679 1609 rediret
690 1551 718 1607 in
730 1547 808 1609 ordia
823 1550 928 1626 prima,

225 1649 300 1690 nunc
311 1650 399 1710 agere
410 1633 542 1710 incipiam
554 1631 621 1709 tibi,
635 1631 712 1710 quod
722 1642 870 1692 trementer
884 1630 919 1692 ad
929 1631 981 1692 has
993 1651 1043 1694 res

178 1724 213 1777 30
227 1717 342 1793 attinet,
355 1734 423 1775 esse
435 1733 553 1793 eaquae
565 1733 658 1775 rerum
670 1715 820 1776 simulacra
831 1732 981 1783 vocamus:

226 1816 314 1876 quae,
327 1801 407 1876 quasi
419 1798 598 1858 membranae
610 1816 718 1859 summo
730 1798 767 1861 de
783 1817 906 1878 corpore
918 1818 1013 1860 rerum

225 1882 378 1961 dereptae,
390 1880 509 1942 volitant
520 1881 652 1960 ultroque
665 1884 795 1961 citroque
811 1901 972 1962 parsurus,

224 1976 309 2046 utque
320 1965 421 2027 eadem
430 1966 512 2026 nobis
526 1966 708 2044 uigilantibus
720 1967 804 2027 obuia
814 1976 924 2029 mentes

224 2050 378 2111 terrificant
389 2062 474 2129 atque
485 2052 513 2111 in
524 2053 647 2128 somnis,
664 2069 727 2110 oum
738 2070 827 2131 saepe
839 2052 943 2129 figuras

173 2143 207 2196 35
225 2137 382 2195 contuimur
393 2137 476 2196 miras
488 2135 695 2213 simulacraque
706 2134 773 2197 luce
785 2146 946 2213 carentum,

224 2238 296 2297 quae
307 2236 360 2279 nos
372 2219 504 2280 horrifice
516 2218 677 2296 languentis
688 2237 776 2298 saepe
789 2237 895 2298 sopore

224 2305 385 2371 excierunt;
397 2322 433 2363 na
444 2304 518 2362 iorte
530 2306 634 2363 animas
645 2302 810 2363 Acherunte
821 2322 932 2364 reamur

224 2385 353 2463 effugere
365 2395 412 2445 aut
423 2385 535 2446 umbras
547 2388 620 2446 inter
631 2388 713 2444 vivos
724 2386 862 2465 volitare,

225 2487 299 2528 neve
311 2467 415 2546 aliquid
425 2471 516 2528 nostri
527 2478 594 2547 post
605 2477 725 2529 mortem
736 2487 825 2548 posse
841 2470 982 2550 relinqui,

176 2562 210 2615 40
229 2570 291 2611 oum
304 2569 409 2631 corpus
420 2551 504 2613 simul
515 2561 600 2631 utque
612 2555 694 2613 animi
705 2564 802 2615 natura
815 2565 963 2635 perempta

223 2639 250 2695 in
264 2653 315 2696 sua
325 2634 486 2698 discessum
495 2635 625 2698 dederint
637 2638 787 2716 primordia
799 2640 911 2717 cuique.

264 2719 338 2781 uico
349 2722 435 2799 igitur
444 2738 538 2782 rerum
549 2721 661 2800 effigias
673 2725 825 2802 tenuisque
836 2724 941 2801 figuras

222 2806 327 2865 mittier
338 2806 374 2865 ab
386 2806 490 2884 rebus,
504 2824 613 2866 summo
624 2807 661 2867 da
673 2824 796 2886 corpore
807 2825 918 2882 rerum,

222 2906 295 2967 quue
307 2891 387 2968 quusi
397 2891 576 2950 membranae
587 2889 634 2950 uel
648 2899 748 2950 cortex
758 2888 988 2963 nominitandsst,

171 2981 205 3033 45
220 2972 297 3051 quod
309 2975 439 3051 speeiem
449 2991 484 3034 ac
496 2972 613 3031 formam
625 2971 746 3031 similem
757 2973 834 3046 gerit
843 2972 907 3029 eius
917 2970 1028 3051 iunge,

222 3058 427 3133 cuiuscumque
441 3054 520 3115 eluet
531 3054 567 3113 de
580 3070 703 3129 corpore
715 3053 779 3113 susa
788 3053 893 3127 uagari.

219 3137 248 3198 id
259 3137 328 3197 licet
339 3137 405 3197 hinc
417 3139 543 3216 quumvis
554 3136 652 3196 hebeti
664 3152 845 3213 cognoscere
857 3133 954 3195 corde.

221 3219 429 3300 [sedquoniam
440 3220 525 3279 docui
537 3228 700 3280 cunctarum
714 3217 831 3277 exordia
840 3236 936 3279 rerum

220 3301 311 3383 qualia
323 3303 379 3363 sint
391 3311 421 3361 et
432 3319 515 3379 quam
526 3304 611 3363 variis
622 3301 754 3363 distantia
764 3301 862 3362 formis

170 3402 204 3452 iit
220 3395 324 3465 sponte
335 3402 386 3446 sua
397 3383 518 3444 volitent
528 3386 637 3446 alterno
649 3386 758 3464 percita
767 3394 844 3445 motu

218 3487 333 3549 quoque
343 3466 428 3528 modu
440 3469 533 3545 possit
543 3486 591 3530 res
604 3487 641 3528 ex
652 3468 696 3528 his
708 3485 840 3546 quaeque
852 3473 954 3551 creari}
