2340 3922
119 231 171 274 vm
511 220 722 280 5151511116.

119 393 338 464 ampcmtionc.
360 389 515 461 Aliquoties
534 388 608 444 eninr
623 389 671 444 ubi
690 388 884 446 Lachmannus
896 404 914 445 a
925 389 1053 446 codicum
1069 408 1115 446 or·

120 475 185 530 dine
202 474 322 543 recedit,
347 490 400 529 nos
419 472 546 528 ordinem
561 472 636 527 illum
654 473 831 530 servavimus
850 474 898 529 vei
917 473 978 530 siue
997 475 1054 530 5115
1068 476 1114 532 vei

119 575 183 613 cum
200 559 314 613 minima
329 558 479 614 verborum
495 554 655 611 mutatione.
684 556 833 628 Utriusque
853 557 896 612 rei
912 559 1041 630 exempla
1064 574 1114 614 ex·

118 658 246 714 promam
263 658 279 696 c
293 642 384 714 primo
404 641 486 696 libro.
520 639 561 694 ibi
577 638 642 694 inde
659 656 676 696 a
694 655 780 696 versu
794 644 845 699 565
863 639 909 696 hic
929 646 972 696 est
986 641 1113 698 codicum

119 724 204 781 ordor

223 803 273 855 565
293 802 343 853 huo
352 803 450 854 accedit
458 803 508 862 uti,
519 801 675 854 solidissima
688 805 804 854 materiai

290 885 397 938 corpora
404 887 462 921 curn
472 878 599 932 constant,
610 873 710 936 possint
718 879 801 923 tamen
812 873 896 922 omnia
905 872 978 922 reddi

291 939 536 1003 551115555511551,
547 942 602 999 air,
613 954 692 1003 aqua,
704 947 786 1001 terra,
797 955 918 1006 vapores,

290 1023 340 1072 qno
350 1015 423 1073 pacto
432 1009 492 1058 11551
505 1016 529 1058 51
539 1023 589 1072 qua
597 1009 624 1059 vi
635 1023 749 1071 quaeque
761 1019 894 1074 gerantur,

290 1077 430 1127 admixtum
440 1078 558 1140 qnoniam
569 1076 647 1127 semel
657 1085 696 1127 est
706 1078 732 1127 in
743 1078 819 1137 rebus
828 1078 903 1126 inane

117 1177 157 1234 Ibi
171 1197 201 1236 v.
217 1183 270 1239 568
285 1180 374 1236 deleri
390 1180 478 1237 voluit
487 1167 643 1235 'Bentleius
657 1178 790 1246 iuvenis'3
807 1178 1002 1234 Lachmannus
1013 1183 1114 1248 autem,

117 1262 162 1318 cni
175 1268 240 1334 post
251 1264 301 1322 567
313 1251 491 1320 ‘sententiam
506 1263 718 1334 interrumpere’
727 1262 806 1318 visus
819 1267 875 1331 est,
893 1261 1040 1318 collocavit
1051 1277 1114 1317 eunr

116 1351 182 1418 post
192 1351 252 1415 585,
262 1348 310 1403 551
324 1347 348 1402 si
364 1347 455 1403 minus
470 1349 614 1419 molestus,
626 1351 701 1401 certa
716 1344 876 1416 neutiquam
884 1345 1061 1400 necessarius
1072 1344 1115 1401 vi-

117 1430 180 1485 deri
190 1434 291 1500 potest.
333 1430 440 1486 Verum
452 1446 488 1485 ns
500 1433 626 1502 5551567
638 1428 751 1500 quidem
763 1429 917 1484 molestiam
929 1427 1011 1484 affert
1021 1428 1114 1497 ullam,

118 1512 272 1568 dummodo
286 1513 367 1568 reddi
381 1531 410 1567 v.
422 1515 473 1571 566
488 1530 523 1568 eo
542 1511 699 1584 significatu
714 1513 880 1583 accipiatur,
896 1527 951 1582 quo
970 1511 1069 1567 dicitur
1082 1512 1115 1567 IL

118 1599 178 1665 178,
193 1597 243 1653 179
254 1596 342 1665 =V,
357 1598 417 1666 196,
431 1598 482 1656 197

290 1689 339 1739 hoc
348 1697 432 1740 tamen
442 1705 474 1739 ex
483 1689 547 1753 ipsis
556 1688 618 1738 coeii
629 1690 769 1740 rationibus
779 1690 861 1739 ausim

290 1756 438 1807 confirmare
447 1757 555 1820 aliisque
565 1772 597 1807 ex
605 1759 681 1808 rebus
690 1758 799 1808 reddere
809 1756 901 1810 multis.

116 1842 175 1898 liiic
190 1843 264 1898 enim
278 1846 377 1914 procul
395 1844 480 1901 dubio
498 1845 615 1900 reddere
631 1845 707 1901 idem
725 1846 802 1900 valet
820 1843 895 1916 quod
912 1844 1115 1900 5511555155εά-

116 1926 193 1994 dere,
199 1926 333 1998 probare.
363 1926 471 1983 Eodem
483 1927 568 1983 modo
583 1928 607 1983 si
621 1927 650 1982 in
664 1927 735 1997 hoc,
751 1928 787 1983 65
800 1943 854 1998 quo
865 1927 984 1999 agimus,
995 1928 1059 1982 ioco
1075 1927 1115 1983 di·

117 2009 187 2064 citur
203 2010 291 2079 reddi,
306 2010 448 2082 aptissime
462 2026 563 2068 versus
575 2015 628 2070 568
638 2010 814 2083 coniungitur
826 2027 889 2067 cum
899 2027 986 2066 vorsu
997 2013 1047 2068 567
1058 2011 1114 2066 sic:

117 2092 143 2146 si
159 2093 250 2149 solida
268 2099 333 2148 sunt
345 2093 498 2166 primordia
518 2110 627 2164 rerum,
648 2110 745 2150 omnes
759 2111 820 2164 res,
840 2111 912 2165 quae
927 2095 1025 2149 molles
1038 2093 1115 2163 fiunt,

117 2176 226 2247 possint
243 2178 357 2248 probari
379 2183 462 2248 atque
482 2177 592 2233 ostendi
609 2194 664 2249 quo
684 2183 767 2249 pacto
785 2194 821 2234 ex
837 2179 934 2235 solidis
954 2176 1115 2251 primordiis

117 2257 185 2314 fiant
195 2259 307 2330 molles,
319 2259 384 2330 quia
398 2260 549 2316 admixtum
566 2265 608 2315 est
618 2264 702 2316 rebus
717 2262 810 2316 inane.
848 2260 950 2317 Contra
999 2260 1002 2267 '

420 2354 443 2402 si
451 2352 539 2403 mollia
550 2353 747 2420 sintprinrordia
755 2368 839 2403 rerum

222 2421 270 2471 571
289 2420 356 2470 uude
366 2429 459 2483 queant
472 2421 645 2472 velidisiiices
656 2420 799 2484 ferrumque
808 2420 887 2470 creari

290 2503 340 2538 non
349 2489 443 2554 poterit
454 2493 521 2541 ratio
529 2492 612 2544 reddi.

119 2590 321 2663 Horum'igitur
341 2598 474 2648 versuum
490 2591 653 2649 tralaticium
669 2591 796 2647 ordinem
815 2591 877 2645 sine
894 2590 950 2644 5115
964 2587 1116 2645 verborum

118 2674 270 2730 mutatione
281 2674 360 2730 tutati
377 2691 483 2730 sumus.
517 2677 548 2731 ln
564 2677 651 2731 altero
674 2674 801 2730 eiusdem
819 2671 902 2746 primi
926 2672 988 2728 libri
1003 2672 1066 2727 loco
1086 2677 1116 2726 ut

117 2757 319 2830 transponendi
330 2774 418 2830 opera
433 2760 686 2831 supersedeamus,
703 2757 895 2814 recedendum
915 2755 1028 2829 quidem
1043 2760 1115 2811 5515

118 2847 276 2896 nostrorum
290 2842 419 2898 codicum
429 2844 580 2915 scriptura,
597 2858 689 2916 neque
702 2848 796 2898 tamen
808 2842 846 2898 ad
859 2841 1033 2898 coniecturas
1048 2854 1114 2893 con-

117 2924 291 2997 fugiendum,
305 2925 358 2981 sed
368 2927 422 2981 alia
437 2928 585 2984 auctoritas
598 2925 744 2997 sequenda
755 2926 856 2981 nostris
867 2922 1010 2980 codicibus
1024 2919 1115 2976 haud·

117 3023 258 3079 quaquam
270 3005 401 3065 deterior.
440 3003 551 3066 Etenim
564 3010 629 3065 inde
647 3022 664 3064 a
680 3025 767 3066 versu
784 3013 835 3068 865
856 3007 897 3061 515
910 3010 1000 3061 exstat
1019 3005 1049 3060 in
1066 3021 1115 3060 55-

116 3091 241 3147 61516555
482 3148 484 3153 ,
740 3095 742 3099 ’
915 3149 917 3154 ,

222 3186 273 3240 805
294 3193 319 3236 51
329 3187 378 3236 5151
388 3192 526 3254 tempestas
536 3173 652 3254 indulget
660 3192 773 3252 tempore
784 3185 867 3235 fausto

289 3254 412 3305 imbribus
421 3257 513 3308 ettabe
523 3255 665 3306 nimborum
674 3255 777 3306 arbusta
785 3253 903 3304 vaciilent

289 3321 379 3385 solque
387 3337 434 3373 sua
442 3339 489 3388 pro
498 3331 570 3388 parte
579 3323 648 3375 iovet
658 3323 793 3386 tribuitque
802 3321 912 3372 55155555

290 3405 403 3443 crescere
411 3394 571 3457 nonpossint
580 3392 666 3459 fingas
676 3392 779 3443 arbusta
788 3391 921 3442 animantis

116 3478 148 3532 in
157 3476 212 3533 hoc
223 3493 357 3534 versuum
368 3477 467 3535 ordine
480 3494 542 3534 cum
560 3496 590 3534 v.
602 3482 654 3538 806
665 3478 858 3536 coniunctivus
866 3478 974 3535 ⁴modus
989 3476 1115 3534 5551175111
