2340 3854
532 219 547 281 1

57 398 109 455 975
127 406 245 468 quorum
255 395 404 468 utrumque
418 386 468 448 tibi
480 387 615 465 effugium
624 384 782 466 praecludit
794 396 822 447 et
834 403 916 446 omne

125 473 203 551 oogit
214 480 244 533 ut
256 481 387 551 exempta
400 471 543 543 oonoodos
557 472 612 531 tine
623 479 732 549 patore.

124 573 187 616 nam
199 557 261 617 sive
273 563 318 615 est
330 554 437 636 aliquid
447 552 525 633 quod
536 553 656 634 probeat
668 553 831 632 offloiatque

125 656 182 719 quo
193 637 278 698 minu’
289 654 346 718 quo
356 640 472 699 missum
483 646 529 698 est
539 639 633 698 veniat
648 637 752 716 flniqua
764 635 842 697 looet
853 656 905 714 se,

124 720 792 799 sivoiorastertnr,nonestafinoprofeotum.

60 817 113 872 980
123 807 180 867 hoo
190 814 276 886 paoto
286 823 391 885 sequar
403 814 506 884 atque,
519 821 583 865 oras
595 803 766 884 ubicumque
777 803 882 864 locaris

124 899 284 967 extremas,
297 907 429 967 quaeram
441 887 509 968 quid
519 887 579 949 telo
592 887 715 967 denique
727 888 782 948 fiat.

124 975 172 1034 fiet
184 974 224 1033 uti
236 990 373 1052 nusquam
384 974 477 1052 possit
489 973 649 1034 consistere
662 973 741 1050 finis,

125 1057 316 1135 onogunnque
327 1055 413 1135 fugae
426 1055 549 1136 prolatet
562 1058 646 1136 oopia
657 1073 781 1135 semper.

166 1140 317 1202 Praeterea
329 1141 449 1219 spatium
461 1141 576 1201 summai
586 1141 673 1201 totius
685 1157 768 1200 omne

58 1234 111 1290 085
123 1223 246 1304 undique
258 1226 283 1285 si
294 1223 434 1285 inclusum
446 1225 533 1285 oertis
546 1225 721 1284 consisteret.
729 1225 786 1283 oris

124 1309 286 1386 finitumque
298 1307 390 1385 foret,
403 1310 457 1367 inm
469 1309 551 1386 oopia
563 1308 688 1366 materiai

124 1390 247 1469 undique
258 1390 433 1470 ponderibus
444 1389 543 1450 solidis
557 1388 700 1450 confluxet
710 1388 745 1449 ad
757 1390 858 1465 imum,

123 1493 178 1535 neo
189 1492 237 1534 res
249 1473 307 1533 ulla
318 1475 381 1552 geri
394 1472 448 1534 sub
461 1471 534 1534 oaeli
544 1474 671 1550 tegmine
683 1481 803 1552 posset,

124 1575 179 1618 neo
196 1556 271 1618 foret
283 1558 395 1617 omnino
409 1555 520 1617 caelum
531 1574 626 1635 noque
636 1554 739 1616 lumina
751 1555 835 1624 solis:

58 1651 112 1707 990
125 1643 231 1722 quippo
244 1641 292 1702 ubi
303 1641 434 1701 materies
449 1641 538 1701 omnis
551 1639 690 1700 cumulata
700 1641 807 1701 iaoeret

125 1743 162 1786 ex
173 1725 281 1785 infinito
293 1726 348 1784 iam
358 1733 488 1804 temporo
499 1723 683 1785 subsidendo.

123 1818 151 1869 at
163 1826 255 1886 nuno,
266 1809 410 1885 nimirum,
424 1810 540 1887 requies
552 1807 615 1868 data
625 1808 826 1888 principiorum

125 1893 294 1970 oorporihus
305 1890 409 1953 nullast
420 1936 429 1969 ‚
442 1893 506 1971 quia
516 1890 555 1951 nii
568 1901 613 1952 est
624 1890 748 1952 funditus
759 1892 861 1968 imum,

125 1992 182 2054 quo
196 1977 275 2054 quasi
289 1974 434 2036 oontiuere
447 1984 476 2035 et
487 1974 574 2035 sodes
585 1975 633 2035 ubi
644 1992 753 2054 ponera
766 1975 887 2052 poesim.

57 2069 109 2125 995
125 2076 240 2137 semper
250 2061 278 2118 in
287 2057 405 2118 adsiduo
415 2067 493 2117 motu
503 2075 551 2117 res
563 2075 693 2136 quasque
705 2065 843 2135 geruntur

124 2143 251 2222 partibus
263 2160 280 2201 0
293 2142 419 2218 eunctis,
431 2148 603 2218 aeternaque
619 2137 834 2220 suppeditantur

124 2244 162 2286 ex
172 2225 278 2285 infinito
292 2226 347 2284 oita
360 2240 481 2303 corpora
491 2224 625 2284 materiai.

166 2308 314 2370 Postremo
327 2317 391 2367 aute
405 2307 506 2367 oculos
516 2324 564 2367 res
576 2324 636 2367 rem
647 2307 726 2368 finire
737 2305 865 2367 videtur:

123 2399 174 2454 atr
185 2391 321 2472 dissaepit
333 2389 415 2453 oollis
427 2399 512 2470 atqua
523 2396 589 2451 atra
600 2400 730 2468 montes,

42 2489 113 2541 1000
126 2487 201 2538 terra
212 2493 287 2537 mare
300 2485 330 2537 et
342 2484 439 2536 eontra
451 2492 527 2535 mare
537 2483 628 2535 terras
640 2475 769 2535 terminat
780 2475 886 2535 omnis:

113 2575 206 2620 'omne
218 2558 332 2638 quidem
342 2577 413 2620 vero
424 2558 463 2618 nil
475 2566 520 2619 est
532 2556 608 2637 qnod
620 2557 694 2618 finiat
706 2568 793 2620 extra.

125 2653 170 2704 est
181 2644 267 2721 igitur
277 2653 374 2704 natura
384 2642 443 2703 tooi
456 2643 633 2723 spatiumque
646 2641 795 2721 profundi,

10 2784 14 2817 s
127 2725 203 2806 quod
214 2745 308 2804 nequa
321 2727 397 2786 olara
408 2743 461 2787 suo
471 2743 642 2805 percurrere
652 2724 766 2786 fulmina
779 2742 864 2784 oursu

10 2820 13 2837 ²
124 2817 267 2890 perpetuo
279 2811 391 2888 possint
402 2811 465 2870 aevi
476 2809 599 2870 labentia
609 2817 701 2868 traotu

34 2902 109 2959 1005
122 2911 179 2954 000
189 2909 319 2973 prorsum
331 2892 427 2954 facero
439 2902 469 2953 ut
485 2902 576 2954 restet
585 2892 675 2951 minus
686 2893 728 2952 ire
740 2887 874 2950 meando·

124 2994 216 3056 usque
227 2975 300 3038 adeo
311 2978 417 3057 passim
428 2986 505 3057 patet
519 2978 622 3055 ingens
638 2973 835 3054 coporeum,

125 3061 227 3122 tinibus
241 3063 399 3141 exemptis,
411 3063 440 3120 in
452 3070 569 3126 cunetas
581 3059 705 3138 undique
715 3059 812 3137 partis.

124 3148 188 3226 ipsa
198 3143 309 3205 modum
321 3162 408 3224 porro
420 3145 474 3205 sihi
485 3161 579 3204 rerum
590 3158 696 3203 summa
707 3159 807 3220 parare

124 3249 161 3290 00
172 3231 279 3308 possit,
292 3238 389 3289 natura
399 3237 495 3305 tenet,
510 3244 582 3305 quae
595 3242 700 3304 oorpus
711 3226 785 3285 inani

22 3315 110 3378 1010
125 3322 154 3376 et
166 3312 242 3391 quod
253 3315 335 3374 inane
346 3321 440 3374 autem
453 3321 498 3372 est
509 3310 581 3370 finiri
593 3324 716 3388 oorpors
728 3310 824 3387 cogit,

123 3406 154 3457 ut
167 3399 210 3457 sio
221 3395 336 3458 alternis
348 3397 452 3456 infinita
466 3396 557 3454 omnio
567 3391 675 3453 reddat.

74 3510 78 3515 ⁹
124 3489 171 3542 aut
183 3482 268 3541 stiam
278 3481 441 3542 alterutrum
451 3525 460 3558 ,
471 3479 526 3538 nisi
537 3477 669 3538 terminet
681 3474 816 3555 alterum,
829 3491 928 3536 eorum

532 3606 549 3644 t
