2340 3854
138 217 185 285 8-1
624 220 651 282 11

226 389 374 466 inmagnis
385 386 557 459 interuallis:
567 386 640 449 llaec
650 395 718 450 altra
728 407 819 451 rarum

226 473 370 535 sufficiunt
380 471 463 533 uoltis
475 480 504 531 ct
515 469 664 550 splendida
675 471 778 534 lumina
789 473 868 535 solis.

225 555 368 634 multaque
379 564 529 634 praeterea
539 571 668 632 magnum
679 574 733 636 per
743 558 826 618 111111
838 566 995 636 vagantur,

161 649 215 706 110
226 636 354 701 conciliis
365 654 460 698 rerum
472 655 544 716 quac
555 647 620 699 sunt
630 640 739 701 reiecta
749 659 805 719 nec¹
820 658 938 720 usquam

227 722 394 784 consociare
406 722 490 781 ctiam
501 730 594 782 motus
605 731 726 800 potuere
737 734 865 804 recepta.

227 807 324 883 cuius,
336 806 376 865 nti
390 821 534 882 memoro,
547 806 590 866 rei
599 806 779 868 simulacrum
790 818 820 869 11
830 811 925 886 imago

226 898 290 951 ante
303 887 404 950 oculos
415 906 531 966 semper
541 889 624 963 nobis
635 901 764 951 versatur
776 900 805 951 et
816 893 910 952 instat.

226 971 434 1050 contemplator
445 973 536 1050 enim,
549 990 613 1032 cum
624 972 695 1035 solis
706 972 810 1035 lumina
821 988 944 1054 cumque

161 1067 212 1121 115
227 1057 326 1118 inserti
337 1054 454 1115 fundunt
465 1054 535 1115 radii
546 1074 600 1135 per
611 1074 700 1136 opaca
711 1056 871 1118 domorum:

224 1139 310 1200 multa
321 1141 426 1200 minuta
435 1138 525 1200 modis
536 1139 631 1201 multis
643 1158 697 1220 per
710 1143 792 1202 inane
803 1141 916 1202 videbis

227 1240 348 1303 corpora
359 1224 490 1301 misceri,
502 1223 642 1283 radiorum
653 1223 757 1285 lumine
771 1227 894 1305 inipso,

225 1318 255 1369 et
266 1307 345 1368 velut
354 1317 475 1368 actemo'
486 1309 639 1368 certamine
652 1307 762 1388 proclia
772 1327 882 1388 pugnas

225 1391 312 1453 edere
323 1392 462 1451 turmatim
474 1392 610 1452 certantia
621 1409 677 1452 nec
687 1390 755 1452 dare
766 1410 900 1472 pausam,

161 1484 213 1538 tto
225 1473 353 1537 conciliis
366 1483 395 1535 et
406 1474 532 1535 discidiis
544 1477 671 1535 exercitu
683 1476 807 1544 crebris;

226 1560 361 1620 conicere
372 1567 401 1617 ut
413 1560 509 1636 possis
521 1577 559 1618 ex
570 1558 644 1636 hoc,
657 1560 808 1638 primordia
819 1578 911 1621 rerum
976 1604 978 1609 -

225 1641 309 1721 quale
321 1643 357 1702 sit
369 1642 397 1700 in
407 1657 510 1719 magno
521 1642 618 1702 iactari
629 1660 744 1720 semper
754 1645 837 1703 inani.

224 1726 382 1803 dumtaxat,
394 1743 488 1785 rerum
499 1742 659 1802 magnarum
669 1743 755 1804 parva
765 1736 862 1806 potest
872 1747 923 1789 res

224 1807 388 1888 exemplare
402 1807 468 1869 dare
481 1819 510 1869 et
521 1810 642 1886 vestigia
653 1811 768 1869 notitiui

161 1903 212 1956 125
224 1894 282 1954 hoc
293 1894 377 1954 etiam
388 1894 478 1969 magis
490 1892 562 1952 haec
571 1894 691 1952 animum
701 1902 730 1954 te
743 1894 893 1956 advertere
905 1912 957 1974 par
968 1902 1015 1956 111

225 1992 347 2056 corpora
359 1993 431 2055 quae
446 1977 474 2035 in
485 1975 555 2037 solis
566 1975 650 2037 radiis
661 1977 775 2039 turbare
786 1978 935 2056 videntur,

225 2061 301 2140 quod
312 2059 384 2121 talos
395 2060 494 2121 turbae
506 2068 599 2122 motus
611 2077 726 2140 quoque
738 2064 862 2123 materiai

225 2145 382 2223 significant
395 2143 586 2205 clandestinos
601 2162 764 2223 caecosque
776 2145 907 2207 subesse.

224 2227 310 2289 multa
320 2227 432 2290 ridebis
445 2229 519 2288 enim
530 2227 623 2307 plagis
635 2229 673 2288 ilri
684 2231 794 2307 percita
806 2232 902 2290 caecis

160 2322 212 2377 130
224 2322 395 2374 commutare
406 2313 479 2372 viam
490 2321 626 2390 retroque
637 2310 753 2390 repulsa
764 2314 888 2389 reuerti,

224 2414 298 2456 nunc
309 2396 365 2455 huc
376 2413 451 2454 nunc
463 2393 550 2471 illuc,
561 2395 589 2452 in
601 2404 718 2455 cunctas
730 2394 853 2474 undique
864 2397 962 2474 partis.

223 2479 355 2556 scilicet,
368 2478 415 2537 hic
427 2495 443 2536 a
454 2478 601 2555 principiis
613 2487 657 2538 111
670 2478 798 2539 omnibus
810 2496 899 2540 error.

223 2565 312 2642 prima
323 2568 472 2621 moventur
482 2563 556 2621 enim
566 2578 620 2639 per
630 2579 663 2621 se
675 2561 825 2640 primordia
835 2581 945 2624 rerum:

223 2645 288 2706 inde
299 2664 333 2706 ea
347 2663 419 2724 quae
430 2661 520 2722 parvo
531 2654 595 2704 sunt
608 2661 729 2724 corpora
741 2646 891 2708 conciliatu

160 2739 210 2795 135
226 2740 255 2791 et
267 2731 346 2809 quasi
358 2731 485 2808 proxima
497 2728 608 2789 suntad
619 2730 687 2790 uiris
697 2731 916 2810 principiorum,

223 2814 327 2875 ictibus
338 2813 450 2873 illorum
464 2814 558 2874 caecis
570 2811 681 2891 inpulsa
697 2815 821 2892 cientur,

222 2901 341 2977 ipsaque
352 2915 493 2977 proporro
505 2896 590 2976 paulo
602 2898 705 2957 maiora
716 2897 871 2960 lacessunt.

222 2984 265 3042 sic
275 3001 291 3042 a
303 2982 448 3060 principiis
461 2980 588 3041 ascendit
599 2990 691 3042 motus
701 2992 730 3042 et
742 2985 801 3042 exit

222 3064 353 3144 paulatim
364 3074 477 3126 nostros
488 3063 523 3125 ad
534 3084 653 3143 sensus,
665 3076 695 3126 ut
707 3076 872 3126 moveantur

158 3157 210 3213 nto
220 3148 269 3209 illa
280 3167 411 3228 quoquc,
423 3151 451 3209 iu
464 3147 535 3210 solis
548 3167 620 3228 quac
631 3147 736 3209 lumine
748 3167 868 3210 cernere
880 3150 990 3228 quimus

221 3251 277 3294 nec
290 3233 391 3312 quibus
404 3233 432 3293 id
444 3232 547 3293 iaciant
559 3232 651 3312 plagis
664 3242 782 3311 apparet
793 3241 902 3311 aperte.

262 3314 344 3377 Nunc
356 3335 428 3396 quac
439 3315 581 3377 mobilitas
592 3319 627 3376 sit
640 3314 748 3376 reddita
759 3316 883 3375 materiai

222 3401 409 3480 corporibus,
421 3401 520 3479 paucis
532 3399 601 3460 licet
611 3398 678 3458 lrinc
689 3415 889 3476 cognoscere,
899 3398 1021 3459 llemml.

221 3485 340 3565 primum
351 3501 451 3545 aurora
461 3500 537 3542 novo
549 3499 612 3543 cum
623 3484 730 3562 spargit
741 3481 845 3542 lumine
857 3490 966 3560 terras,
