2340 3854
549 216 577 276 V

143 399 200 442 nec
210 390 342 462 poterant
353 383 456 462 quibus
466 380 496 442 id
507 382 589 443 110101
600 398 781 462 cognoscere
796 383 905 444 causis.

144 481 216 542 ergo
227 465 390 545 perfugium
400 467 454 528 sibi
469 465 612 527 habebant
625 468 717 527 omnia
729 467 801 528 divis

60 557 128 612 1185
143 547 257 608 tradere
268 558 298 610 et
309 549 423 610 illorum
434 559 502 610 nutu
515 548 613 609 facere
625 552 716 610 omnia
727 550 813 610 flecti.

142 633 171 691 in
186 630 324 710 caeloque
337 633 421 694 deum
431 630 518 692 sedes
533 641 563 692 et
577 631 684 711 templa
699 631 844 709 locarunt,

142 733 197 794 per
209 714 319 775 caelum
329 715 407 776 volvi
419 717 484 793 quia
494 714 544 773 lux
554 723 584 774 et
597 714 662 775 luna
672 714 802 793 videtur,

142 797 224 874 luna,
237 798 315 876 dies,
332 809 360 860 01
372 816 447 876 non,
461 807 492 858 et
505 798 598 859 noctis
610 800 691 877 signa
701 816 820 875 serena,

140 883 367 960 noctivagaeque
379 883 460 943 faces
475 881 565 959 caeli,
578 881 763 960 flammaeque
777 883 924 959 volantes,

57 973 128 1028 1190
142 964 254 1041 nubila,
267 964 329 1042 sol,
344 967 468 1042 imbres,
480 966 544 1042 uix,
556 967 651 1042 venti,
664 964 798 1044 fulmina,
810 965 934 1044 grando,

142 1058 171 1108 et
180 1048 270 1125 rapidi
282 1048 428 1126 fremitus,
442 1058 471 1109 01
485 1066 624 1109 murmura
634 1067 734 1126 magna
749 1051 890 1109 minarum.

184 1130 312 1208 Ogenus
327 1133 428 1193 infelix
438 1132 603 1208 humanum,
616 1131 682 1192 talia
694 1131 766 1192 divis

142 1233 206 1275 cum
217 1216 315 1275 tribuit
330 1216 404 1277 facta
415 1225 500 1294 atque
512 1217 567 1275 iras
580 1214 705 1274 adiunxit
716 1215 852 1275 acerbas!

140 1308 260 1375 quanms
272 1306 330 1358 tum
341 1301 464 1375 gemitus
479 1299 534 1375 ipsi
549 1298 603 1358 sibi
614 1343 623 1373 ,
635 1305 794 1375 0110110110
809 1299 893 1358 nobis

55 1388 125 1444 1195
139 1380 273 1457 volnera,
287 1398 357 1458 quas
370 1381 501 1440 lacrimas
515 1397 658 1458 peperere
673 1381 820 1440 minoribn'
833 1381 953 1441 nostris!

140 1483 195 1523 nec
205 1466 297 1541 pietas
312 1462 397 1525 ullast
408 1461 531 1523 velatum
547 1481 635 1542 saepe
646 1464 737 1524 videri

139 1549 247 1608 vertier
256 1547 292 1607 ad
306 1545 429 1627 lapidem
443 1555 528 1623 atque
540 1549 631 1607 omnis
641 1547 783 1608 accedere
797 1549 832 1609 ad
843 1566 923 1626 aras,

141 1648 196 1690 nec
211 1631 400 1709 procumbere
411 1629 487 1688 humi
501 1640 674 1709 prostratum
688 1641 717 1691 et
730 1632 854 1708 pandere
866 1632 972 1711 palmas

139 1723 204 1774 ante
217 1714 300 1775 deum
311 1713 445 1791 delubra,
457 1732 513 1773 nec
527 1731 589 1774 aras
601 1716 737 1791 sanguine
751 1714 841 1774 multo

55 1808 126 1861 1100
141 1814 279 1875 spargere
291 1797 521 1877 quadrupedum,
533 1815 589 1857 nec
600 1799 675 1858 votis
687 1808 807 1859 nectere
821 1808 905 1875 vota,

140 1880 193 1941 sed
202 1898 285 1957 mage
299 1891 399 1960 pacata
410 1898 498 1959 posse
514 1883 605 1942 omnia
620 1891 714 1942 mente
728 1885 811 1943 tueri.

140 1982 203 2024 nam
215 1982 279 2023 cum
289 1966 459 2043 suspicimus
474 1966 567 2041 magni
579 1964 716 2025 caelestia
727 1966 822 2025 mundi

139 2046 262 2123 templa,
276 2062 364 2123 super
374 2045 524 2123 stellisque
537 2047 704 2107 micantibus
715 2050 833 2108 aethera
846 2048 947 2124 111111,

141 2139 171 2190 01
182 2131 260 2190 venit
271 2130 299 2187 in
310 2137 434 2188 mentem
448 2128 518 2189 solis
530 2127 671 2206 lunaeque
683 2132 807 2207 viarum,

56 2223 125 2277 1105
141 2223 209 2273 tuno
223 2213 285 2272 aliis
297 2230 436 2293 oppressa
447 2211 528 2272 malis
539 2213 568 2271 in
582 2222 701 2291 pectora
714 2231 781 2272 cura

140 2297 189 2358 illa
200 2313 315 2375 quoque
328 2295 565 2375 expergefactum
580 2305 664 2372 caput
679 2298 792 2374 erigere
804 2297 881 2372 infit,

140 2399 177 2440 ne
193 2397 265 2458 quae
277 2380 352 2440 forte
367 2379 450 2440 deum
464 2379 547 2441 nobis
561 2381 687 2441 inmensa
699 2390 829 2461 potestas

142 2466 194 2539 sit,
209 2466 288 2524 vario
299 2473 376 2524 motu
389 2481 461 2542 quae
475 2463 592 2525 candida
604 2463 696 2525 sidera
706 2475 818 2527 verset:

140 2556 259 2624 temptat
271 2549 345 2606 enim
360 2548 471 2608 dubiam
481 2558 604 2608 mentem
617 2550 732 2612 rationis
744 2559 876 2628 egestas,

59 2640 127 2694 1110
141 2646 314 2708 ecquaenam
328 2629 413 2690 fuerit
424 2631 519 2690 muudi
529 2630 660 2708 genitalis
673 2635 772 2711 origo,

141 2723 170 2774 et
185 2711 268 2773 simul
279 2730 387 2790 ecquae
403 2715 439 2773 sit
451 2713 529 2789 fluis,
545 2713 638 2790 quoad
651 2717 761 2775 moenia
775 2714 869 2774 mundi

143 2795 259 2857 solliciti
268 2805 360 2855 motus
372 2795 447 2855 hunc
459 2797 570 2874 possint
582 2796 658 2856 ferre
669 2796 815 2875 laborem,

142 2897 177 2940 an
189 2880 320 2940 divinitus
331 2887 447 2939 aeterna
458 2878 560 2938 donata
574 2879 665 2939 salute

144 2971 283 3042 perpetuo
296 2963 407 3041 possint
416 2963 480 3022 aevi
494 2962 616 3022 labentia
629 2973 721 3025 tractu

58 3058 127 3113 1110
143 3048 261 3107 inmensi
274 3046 379 3107 validas
389 3046 453 3106 aevi
464 3054 647 3107 contemnere
658 3047 735 3107 viris.

142 3139 292 3209 praeterea
303 3133 349 3192 cui
359 3146 415 3190 non
429 3132 537 3190 animus
550 3128 698 3190 formidine
710 3129 804 3190 divum

144 3213 332 3293 contrabitur,
345 3215 391 3275 cui
401 3231 457 3274 non
469 3223 623 3293 correpunt
634 3213 760 3274 membra
773 3230 898 3292 pavore,

143 3296 266 3359 fulminis
280 3296 407 3358 horribili
421 3316 485 3359 cum
497 3296 580 3376 plaga
591 3297 695 3358 torrida
706 3295 793 3358 tellus

145 3383 294 3442 contremit
306 3391 335 3442 et
345 3400 476 3459 magnum
490 3391 659 3461 percumunt
672 3398 811 3442 murmura
822 3376 959 3442 caelum?

58 3475 127 3530 1110
141 3480 197 3525 101
208 3462 307 3543 populi
317 3475 477 3544 gentesque
489 3475 630 3544 tremunt,
642 3484 787 3544 regesque
798 3464 916 3542 superbi
