2340 3854
519 191 521 199 ’
558 197 601 260 ΙΙΙ

92 377 145 432 555
155 385 212 430 nec
226 368 336 430 ratione
349 368 403 430 alia
417 374 531 430 nosmet
542 381 708 445 proponere
721 366 806 429 nobis

158 468 311 531 possumus
322 453 447 515 infernas
461 453 568 514 animas
581 450 750 512 Acherunte
761 452 866 530 vagari

159 538 286 615 pictores
299 539 396 615 itaque
408 544 438 598 et
452 537 625 613 scriptorum
636 533 733 596 saecla
743 537 837 614 priora

160 623 202 682 sic
215 622 321 682 animas
335 621 551 682 introduxerunt
566 618 700 682 sensibus
713 629 820 681 ancos.

158 714 187 766 at
198 722 294 783 neque
310 723 423 767 sorsum
434 701 511 765 oculi
522 720 618 779 neque
628 721 712 765 nares
723 721 778 763 nec
789 721 887 764 manus
897 704 959 781 ipsa

92 797 147 852 630
157 807 224 850 esse
239 797 337 867 potest
348 790 478 865 animae,
493 803 588 865 neque
601 802 714 848 sorsum
725 784 822 864 lingua
832 805 927 866 neque
937 805 1040 866 aures}

157 872 230 933 haud
241 874 327 950 igitur
338 890 392 950 per
405 891 437 935 se
453 880 574 950 possunt
586 871 694 932 sentire
708 887 803 951 neque
817 889 894 933 esse.

200 955 239 1015 llt
251 957 382 1035 quoniam
395 965 457 1017 toto
473 957 610 1019 sentimus
621 971 745 1035 corpore
757 958 853 1019 inesse

156 1038 272 1100 vitalem
284 1058 399 1103 sensum
411 1050 441 1101 et
453 1049 543 1102 totum
555 1059 623 1102 esse
636 1038 756 1101 animale
767 1040 913 1120 ridemus,

158 1125 182 1186 si
197 1124 292 1186 subito
306 1124 429 1186 medium
444 1125 533 1186 celeri
544 1125 716 1201 praeciderit
727 1125 787 1185 ictu

92 1216 144 1272 535
158 1211 203 1271 vis
213 1207 325 1287 aliqua,
341 1220 372 1270 ut
383 1226 495 1273 sorsum
510 1219 619 1287 partem
631 1217 764 1268 secernat
776 1218 941 1287 utramque,

159 1293 307 1370 dispertita
321 1291 423 1371 procul
436 1293 521 1353 dnbio
534 1308 650 1369 qnoque
664 1293 709 1350 vis
721 1292 820 1351 animai

157 1386 187 1438 et
203 1375 323 1436 discissa
337 1375 420 1438 simul
432 1394 497 1437 cum
513 1391 637 1453 corpore
652 1374 823 1436 dissicietur.

119 1491 122 1494 *
156 1470 185 1522 at
198 1459 275 1539 quod
286 1459 424 1523 scinditur
435 1469 465 1521 et
481 1461 568 1537 partis
579 1457 700 1520 discedit
712 1459 740 1518 in
750 1457 841 1536 ullas,

158 1544 289 1623 scilicet,
302 1554 446 1606 aeternam
458 1545 512 1605 sibi
526 1553 652 1604 naturam
661 1541 758 1604 abnuit
770 1561 846 1604 esse.

91 1637 144 1692 540
158 1628 307 1691 falciferos
319 1638 476 1690 memorant
488 1645 587 1690 currus
597 1626 749 1688 abscidere
762 1627 888 1687 membra

159 1731 247 1791 saepe
258 1715 296 1775 ita
311 1712 454 1776 desubito
470 1714 608 1791 permixta
620 1711 710 1773 caede
723 1710 861 1788 colentis,

158 1806 187 1857 ut
198 1807 322 1859 tremere
333 1799 361 1857 iu
376 1807 450 1858 terra
462 1797 591 1858 uideatur
601 1796 637 1856 ab
651 1796 766 1857 mulus
781 1793 809 1856 id
823 1795 899 1874 quod

159 1881 264 1943 decidit
278 1881 440 1959 abscisum,
454 1900 518 1943 curn
529 1900 610 1943 mens
625 1889 717 1941 tamen
732 1890 819 1959 atque
829 1878 951 1940 hominis
965 1877 1016 1936 vis

159 1965 316 2026 mobilitate
330 1965 395 2026 mali
409 1983 464 2025 non
477 1968 537 2045 quit
547 1967 655 2027 sentire
668 1963 812 2025 dolorem:

94 2057 145 2112 545
160 2058 188 2109 et
203 2047 294 2111 semel
305 2050 333 2108 in
346 2066 458 2127 pugnae
470 2049 563 2109 studio
577 2047 653 2127 quod
666 2046 758 2107 dedita
771 2064 851 2106 meus
866 2055 928 2122 est,

161 2148 284 2211 corpore
295 2131 408 2210 reliqtio
424 2148 547 2211 pugnam
560 2130 724 2208 caedesque
739 2130 877 2206 percssit,

159 2235 214 2278 nec
225 2223 306 2277 tenet
316 2218 446 2278 amissam
459 2213 568 2276 laevam
581 2232 645 2275 cum
659 2215 784 2292 tegmine
797 2209 885 2291 sa'epe

159 2303 235 2362 inter
245 2315 337 2378 equos
347 2300 481 2366 abstraxe
492 2308 571 2360 rotas
583 2297 733 2377 falcesque
744 2314 883 2376 rapaces,

159 2405 215 2446 nec
227 2384 370 2446 cecidisse
381 2382 453 2446 alius
467 2382 611 2463 dextram,
624 2401 688 2444 cum
703 2382 812 2446 scandit
824 2391 853 2442 et
868 2383 961 2443 instat.

92 2477 146 2532 550
159 2469 224 2530 inde
236 2468 308 2533 alius
320 2478 439 2530 conatur
448 2469 581 2547 adempto
593 2486 713 2547 surgere
729 2485 830 2545 crure,

160 2572 224 2614 cum
237 2553 341 2632 digitos
352 2555 440 2632 agitat
455 2563 574 2633 propter
583 2552 767 2614 moribundus
778 2551 853 2611 humi
869 2568 930 2629 pes.

160 2647 189 2698 et
200 2647 284 2715 caput
298 2636 442 2698 abscisum
454 2637 547 2697 calido
558 2640 733 2715 viventeque
747 2645 848 2696 trunco

160 2731 253 2783 servat
265 2720 341 2780 humi
354 2720 462 2780 voltum
473 2719 589 2781 vitalem
601 2719 762 2798 oculosque
774 2720 913 2797 patentis,

161 2804 254 2865 donec
268 2802 404 2882 reliquias
414 2804 514 2863 animai
527 2801 649 2862 reddidit
660 2818 768 2862 omnes.

96 2897 147 2952 555
161 2889 227 2968 quin
244 2888 327 2948 etiam
342 2887 394 2947 tibi
410 2887 451 2964 si,
468 2885 563 2965 lingua
574 2886 719 2964 vibrante,
732 2885 846 2944 minanti

159 2981 323 3050 serpentem
335 2969 444 3050 cauda,
459 2986 581 3049 procero
598 2986 720 3048 corpore
732 2970 889 3046 utrimque,

159 3059 195 3118 sit
209 3055 318 3117 libitum
330 3058 357 3116 in
372 3055 474 3117 multas
489 3058 577 3135 partis
592 3054 735 3116 discidere
748 3052 843 3130 ferro,

161 3142 253 3202 omnia
264 3143 318 3202 iam
330 3157 440 3203 sorsum
453 3159 555 3202 cernes
562 3141 662 3200 ancisa
673 3138 785 3198 recenti

158 3225 278 3287 volnere
292 3226 389 3286 tortari
402 3233 430 3285 et
445 3233 548 3286 terram
561 3239 756 3301 conspargere
771 3221 856 3299 talto,

95 3318 147 3373 550
159 3313 249 3389 ipsam
263 3328 353 3388 seque
365 3320 443 3370 retro
456 3319 565 3389 partem
578 3318 680 3387 petere
692 3323 743 3367 ore
760 3308 899 3384 priorem,

159 3393 284 3455 volneris
298 3394 406 3455 ardenti
417 3404 447 3454 ut
462 3411 557 3454 morsu
569 3400 678 3469 premat
691 3393 746 3453 icta
760 3390 899 3451 dolorem

161 3479 290 3541 omnibus
305 3497 371 3540 esse
387 3479 472 3555 igitur
482 3486 557 3539 totas
569 3475 697 3537 dcemus
710 3477 738 3536 in
753 3474 811 3536 illis
853 3518 856 3523 -
