2340 3854
139 190 182 255 86
624 188 650 254 11

225 377 300 419 nunc
312 358 340 419 id
352 357 428 436 quod
441 368 576 438 superest
589 357 625 418 de
638 355 761 416 motibus
777 356 973 436 expediemus.
987 360 1002 441 ΙΙ

267 440 350 502 Nunc
359 440 442 503 iocus
454 453 517 520 est,
528 453 560 503 ut
571 443 687 521 opinor,
701 441 729 499 iu
741 439 785 502 bis
797 440 868 500 iilud
882 457 997 520 quoquc
1009 442 1102 505 robus

162 534 213 590 185
227 525 394 586 confirmare
403 524 471 604 tibi,
484 525 589 586 nullam
599 542 660 586 rem
673 541 763 603 posse
776 543 828 586 sna
837 526 865 583 vi

226 626 394 688 corpoream
406 625 518 671 sursum
529 609 598 670 terri
609 625 778 688 sursumque
789 626 901 677 meare;

225 711 262 753 ne
274 692 326 754 tibi
337 691 404 753 dent
414 695 443 752 in
457 710 494 754 eo
508 692 677 754 flammarum
689 708 811 771 corpora
823 691 960 752 fraudem.

226 794 324 838 sursus
336 777 409 835 enim
423 795 527 838 versus
536 779 690 856 gignuntur
700 785 730 836 et
741 776 870 854 augmina
881 784 993 835 sumunt

225 869 256 921 et
266 877 377 921 sursum
389 860 493 922 nitidae
504 860 604 938 fruges
614 861 786 937 arbustaque
798 867 949 936 crescunt,

163 952 215 1008 190
228 942 365 1023 pondera,
378 953 511 1022 quantum
522 946 551 1003 in
562 962 596 1004 se
609 953 665 1020 est,
679 942 882 1003 cumdeorsum
890 952 993 1004 cuncta
1003 943 1143 1010 ierautur.

223 1044 279 1088 nec
294 1044 357 1087 cum
370 1026 521 1088 subsiliunt
532 1029 615 1105 ignes
626 1027 661 1087 ad
673 1036 749 1088 tecta
761 1025 906 1087 domorum

224 1120 254 1172 et
266 1109 355 1171 celeri
368 1110 476 1171 damma
489 1110 641 1190 degustant
654 1113 731 1189 tigna
744 1110 915 1188 trabesque,

225 1203 330 1273 sponte
341 1212 392 1255 sua
406 1195 503 1255 iacere
513 1195 542 1255 id
556 1196 657 1256 sineri
668 1195 808 1255 subeunte
823 1193 976 1272 putandum
986 1206 1041 1258 est.

226 1276 302 1356 quod
314 1296 406 1355 genus
418 1288 479 1356 est,
491 1287 589 1340 nostro
602 1296 666 1338 cum
679 1280 782 1339 missus
795 1294 918 1355 corpore
932 1281 1048 1357 sanguis

164 1368 213 1424 195
229 1362 331 1422 emicat
342 1361 471 1423 exultans
483 1361 541 1422 alte
552 1363 717 1442 spargitque
730 1377 869 1422 cruorem.

224 1461 318 1505 nonne
331 1446 412 1506 rides
427 1448 512 1506 etiam
524 1455 626 1524 quanta
636 1448 664 1505 vi
677 1447 755 1524 tigna
768 1445 921 1523 trabesque

224 1537 342 1608 respuat
352 1545 433 1587 umor
442 1526 552 1607 aquae?
568 1545 631 1588 nam
644 1546 701 1608 quo
712 1531 801 1606 magis
813 1530 933 1590 ursimus
944 1529 1001 1591 alte

225 1611 339 1672 deiecta
351 1622 380 1672 et
391 1628 490 1688 magna
502 1613 531 1670 vi
545 1611 623 1671 multi
635 1613 790 1690 pressimus
801 1629 908 1688 aegre,

224 1704 280 1755 tam
292 1695 394 1773 cupide
405 1712 516 1756 sursum
526 1697 646 1755 revomit
656 1697 745 1772 magis
757 1705 842 1774 atquc
853 1697 984 1774 remittit,

161 1788 213 1842 100
225 1777 289 1857 plus
304 1789 334 1838 ut
348 1787 429 1856 parte
442 1778 519 1839 iuras
532 1787 678 1856 emergant
690 1777 872 1857 exiliuntque.

225 1879 281 1922 nec
294 1871 387 1922 tamen
399 1861 489 1938 baec,
501 1871 633 1940 quantum
643 1863 726 1923 estin
739 1880 790 1939 se,
804 1860 979 1941 dubitamus,
993 1866 1116 1949 opinor,

225 1947 291 2024 quin
302 1963 421 2005 vacuum
432 1964 485 2025 per
497 1947 580 2006 inane
590 1945 723 2006 deorsum
736 1954 837 2006 cuncta
847 1946 980 2007 terantur.

225 2030 365 2107 sicigitur
378 2029 484 2091 debent
495 2029 621 2090 dammae
632 2047 748 2109 quoque
759 2046 849 2109 posse
861 2048 915 2110 per
924 2048 1006 2092 auras

224 2114 299 2175 aeris
312 2131 467 2193 expressae
481 2131 593 2175 sursum
603 2113 781 2192 succedere,
795 2131 960 2193 quamquam

161 2205 212 2258 205
227 2196 370 2276 pondera,
382 2208 515 2277 quantum
525 2200 554 2257 iu
564 2217 598 2258 ae
609 2206 671 2277 est,
687 2197 826 2260 deversus
843 2197 949 2258 ducere
961 2210 1101 2278 pugnent.
1114 2268 1117 2273 ,

224 2290 434 2358 nocturnasque
444 2279 524 2341 iaces
540 2279 630 2358 caeli,
643 2280 763 2341 sublime
773 2280 913 2358 volantis,

224 2381 317 2424 nonne
329 2362 410 2424 vides
421 2362 525 2440 longos
537 2362 704 2423 flammarum
716 2363 821 2423 ducere
833 2372 939 2424 tractus

224 2448 252 2505 iu
264 2463 457 2525 quascumque
469 2445 547 2506 dedit
556 2448 643 2524 partis
654 2455 751 2507 natura
761 2444 903 2507 meatum?

224 2547 281 2589 non
292 2528 395 2590 cadere
406 2532 434 2588 in
446 2540 548 2590 terram
562 2528 662 2590 stellas
674 2538 704 2590 et
716 2530 810 2591 sidera
824 2527 938 2591 cernis?

159 2623 212 2677 alo
225 2613 268 2675 soi
281 2614 364 2674 etiam
377 2615 457 2674 coeti
467 2612 503 2673 de
514 2615 625 2673 vertice
636 2613 754 2694 dissipat
766 2616 856 2674 omnis

223 2697 352 2758 ardorem
363 2697 390 2757 in
402 2698 490 2776 partis
505 2705 535 2756 et
545 2695 649 2759 lumine
664 2699 790 2759 conserit
800 2716 879 2759 arva:

224 2784 251 2840 in
264 2791 354 2843 terras
367 2782 453 2860 igitur
465 2798 579 2861 quoque
590 2781 661 2844 solis
672 2784 800 2862 vergitur
811 2782 903 2843 ardor.

222 2875 459 2945 transversosque
473 2864 571 2927 volare
582 2884 636 2945 per
646 2866 742 2928 imbris
753 2867 867 2927 fulmina
882 2869 993 2945 cernis,

223 2967 297 3009 nunc
309 2949 375 3010 hinc
386 2967 460 3010 nunc
474 2948 552 3010 illinc
563 2951 674 3028 abrupti
684 2951 806 3010 nubibus
817 2953 900 3027 ignes

158 3041 210 3094 215
221 3042 404 3094 concursant:
418 3034 492 3093 cadit
503 3035 531 3092 in
542 3043 632 3094 terras
644 3035 687 3092 nis
700 3031 931 3110 dammeavolgo.

264 3114 337 3175 iliud
349 3119 377 3176 iu
387 3117 431 3178 his
447 3135 561 3196 quoquc
573 3124 603 3176 te
615 3117 701 3177 rebus
715 3133 895 3194 cognoscere
908 3133 1042 3194 avemus,

223 3217 344 3278 corpora
356 3218 419 3261 cum
430 3200 564 3262 deorsum
576 3209 686 3260 rectum
698 3202 843 3279 perinane
855 3199 999 3276 iernntur,

221 3282 396 3362 ponderibus
409 3285 532 3362 propriis
544 3285 654 3344 incerto
668 3291 798 3363 tempore
812 3281 902 3344 ierme

222 3368 396 3448 incertisque
410 3366 468 3427 loci
482 3369 581 3446 spatiis
595 3366 742 3428 deuellere
752 3365 882 3447 paulurn,

157 3461 210 3515 ²20
223 3459 328 3512 tantum
341 3451 417 3532 quod
430 3466 541 3511 momen
552 3459 685 3512 mutatum
699 3451 796 3513 dicere
811 3454 916 3531 possis.
