2340 3854
137 216 179 287 70

222 397 251 449 et
264 385 343 449 calor
354 388 427 447 inter
436 405 470 447 se
481 387 597 463 vigeant
610 389 760 448 commixta
769 405 823 468 per
836 399 931 466 anus,
1020 418 1031 436 ·

219 480 305 549 atque
319 471 382 531 aliis
397 468 474 530 eliud
485 469 579 531 subsit
590 472 680 549 magis
692 472 889 551 eminentque,

154 563 206 619 285
220 563 251 615 ut
262 553 391 633 quiddam
406 554 468 613 lieri
481 553 656 615 videaturad
668 554 797 615 omnibus
811 573 913 632 unum,

219 656 257 698 ne
272 636 351 698 calor
364 655 399 697 ac
412 644 516 697 ventus
531 655 662 698 seorsum
674 654 862 718 seorsumque
875 648 1007 718 potestas

219 724 295 782 neris
308 722 476 781 interemant
487 738 604 781 sensum
614 719 786 800 diductaque
798 721 921 784 solvant

221 815 266 865 est
278 805 382 866 etenim
395 802 473 864 calor
484 802 534 864 ille
545 805 654 881 animo,
669 822 753 883 quem
767 807 867 885 sumit,
882 807 911 866 in
922 808 963 868 ira

222 907 285 949 cnm
297 887 435 949 fervescit
450 895 480 947 et
491 905 529 947 ex
540 885 633 948 oculis
645 889 729 949 micat
740 889 855 950 acribus
865 889 965 951 ardor:

158 981 211 1037 290
222 981 268 1033 est
279 981 308 1032 et
323 970 425 1048 frigide
434 969 538 1048 multa,
551 989 649 1033 comes
661 970 834 1050 formidinis,
848 990 931 1052 aura,

222 1073 295 1134 quac
307 1057 364 1116 ciet
373 1053 520 1115 horrorem
533 1054 666 1116 membris
677 1063 706 1115 et
718 1057 842 1117 concitet
851 1065 944 1118 anus:

221 1149 267 1200 est
279 1140 363 1199 etiam
378 1155 493 1217 quoque
505 1139 597 1219 pacati
611 1147 701 1199 status
717 1138 873 1218 censitis,

222 1231 343 1302 pectore
358 1221 510 1300 tranquillo
525 1222 573 1301 qui
584 1222 614 1282 lit
624 1221 763 1300 voltuque
774 1240 889 1283 sereno.

223 1307 275 1367 sed
288 1305 371 1366 calidi
386 1305 451 1385 plus
463 1314 508 1366 est
522 1305 580 1366 illis
595 1305 697 1383 quibus
712 1308 787 1366 acria
800 1305 886 1366 corda

159 1399 210 1456 295
222 1389 412 1468 iracundaque
426 1406 507 1450 mens
519 1389 604 1449 facile
616 1390 782 1451 eliervescit
793 1392 822 1449 in
832 1391 889 1458 ira;

223 1492 280 1552 quo
292 1491 401 1551 genere
415 1475 443 1532 iu
454 1474 551 1551 primis
562 1473 607 1532 uis
622 1482 667 1533 est
677 1472 803 1534 violenta
815 1473 947 1553 leonum,

223 1567 343 1636 pectore
355 1557 403 1634 qui
414 1556 528 1616 fremitu
542 1566 674 1634 rumpunt
685 1555 854 1636 plerumque
865 1568 1038 1640 gementes,

223 1659 278 1701 nec
291 1658 396 1719 cepere
410 1641 512 1699 irarum
528 1639 630 1700 ductus
641 1641 668 1700 in
679 1650 800 1719 pectore
812 1651 944 1722 possunt.

223 1733 251 1784 at
262 1733 381 1785 ventosa
392 1725 482 1801 magis
496 1739 646 1784 cervorum
656 1723 757 1802 frigida
772 1743 851 1787 meus
864 1736 910 1786 est

160 1819 212 1871 300
223 1815 253 1868 et
263 1805 374 1885 gelidas
387 1807 469 1868 citius
481 1808 657 1887 perviscera
669 1810 792 1870 concitat
806 1827 905 1888 auras,

224 1909 296 1971 quae
311 1888 459 1950 tremulum
472 1891 578 1952 iaciunt
592 1891 725 1952 membris
740 1894 865 1954 existere
877 1903 992 1955 motum.

223 1984 251 2035 at
265 1983 362 2035 natura
375 1974 460 2034 boum
474 1974 588 2055 placido
599 1977 689 2055 magis
703 1983 772 2038 aire
783 1978 870 2053 vivit,

224 2077 280 2119 nec
290 2060 371 2119 nimis
383 2059 433 2118 irai
443 2059 492 2120 lex
505 2078 634 2140 umquam
649 2059 761 2123 subdita
774 2063 867 2141 percit

223 2141 342 2218 lemida,
355 2143 522 2204 suffundens
538 2162 644 2205 caecae
659 2144 788 2223 caliginis
799 2144 912 2223 umbra,

160 2236 211 2290 305
223 2245 279 2287 nec
290 2225 394 2303 gelidis
404 2237 501 2307 torpet
512 2227 580 2290 telis
592 2229 699 2306 perlixa
711 2231 844 2306 peveris,

224 2312 416 2387 interutraque
428 2321 508 2373 secet
520 2328 623 2372 cervos
634 2328 797 2389 saevosque
808 2309 919 2373 leones.

224 2395 267 2454 sic
277 2392 419 2454 hominum
429 2413 522 2474 genus
537 2403 591 2455 est.
610 2395 737 2472 quamvis
749 2394 876 2454 doctrina
888 2395 995 2473 politos

226 2479 378 2538 constituat
390 2481 496 2558 pariter
505 2476 659 2556 quosdam,
673 2486 766 2536 tamen
777 2476 825 2537 illa
836 2477 970 2557 relinquit

224 2570 338 2622 naturae
351 2563 489 2641 cuiusque
500 2561 582 2622 animi
596 2560 718 2636 vestigia
728 2562 825 2640 prima.

161 2653 214 2707 ³10
223 2663 278 2704 nec
289 2643 423 2707 radicitus
437 2643 525 2705 evelli
537 2641 609 2702 mala
620 2659 710 2720 posse
721 2645 919 2722 putandumst,

224 2729 291 2806 quin
302 2728 459 2809 proclivius
470 2727 517 2787 laic
528 2728 583 2785 iras
595 2725 727 2788 decurrat
737 2729 774 2790 ad
784 2731 876 2807 acris,

224 2811 275 2872 ille
287 2823 364 2874 metu
380 2813 462 2873 citius
473 2808 559 2890 paulo
571 2819 742 2891 temptetur,
755 2813 843 2874 atille

224 2898 325 2957 tertius
336 2896 459 2975 accipiet
470 2891 607 2972 quaedam
618 2894 786 2957 clementius
797 2914 900 2973 aequo.

224 2980 310 3058 inque
321 2977 384 3040 eliis
395 2979 481 3038 rebus
492 2975 587 3037 multis
599 2977 714 3038 dilierre
728 2987 882 3039 necessest

159 3070 211 3125 ³15
222 3070 334 3122 naturas
346 3061 486 3122 hominurn
497 3061 588 3121 varias
599 3077 752 3139 moresque
763 3062 912 3139 sequacis;

225 3162 344 3223 quorum
356 3162 413 3223 eqo
423 3162 498 3204 nunc
512 3161 627 3223 nequeo
643 3162 746 3207 caecas
758 3161 906 3222 exponere
922 3160 1044 3228 cauum,

224 3246 279 3289 nec
288 3230 417 3308 reperire
429 3230 579 3306 figurarum
590 3238 632 3290 tot
643 3231 754 3290 nomina
765 3237 834 3307 quot
845 3236 910 3290 sunt

225 3312 388 3390 principiis,
401 3311 475 3372 unde
485 3313 558 3373 haec
568 3316 657 3374 oritur
666 3315 799 3374 venantia
812 3330 916 3374 rernm.

224 3394 294 3455 illud
304 3397 332 3455 in
345 3394 389 3458 luis
399 3397 486 3459 rebus
501 3397 601 3458 videor
612 3399 720 3459 iirmnrc
736 3406 875 3476 potesse,

159 3486 212 3541 320
226 3497 317 3558 nsque
327 3480 401 3543 adeo
412 3491 570 3543 naturarum
580 3483 701 3560 uestigia
712 3480 800 3561 linqui
