2340 3854
140 189 201 253 114
615 186 657 245 IV

225 376 307 437 quam
319 354 397 415 daret
408 354 554 413 obiectum
564 355 669 431 parmai
679 352 760 414 laeva
771 363 933 434 parantem.

157 453 210 508 845
225 441 354 515 scilicet,
367 447 397 498 et
408 437 517 497 fessum
529 453 634 514 corpus
645 438 776 498 mandare
788 439 877 518 quieti

222 523 310 585 multo
321 522 462 599 antiquius
473 529 519 581 est
530 537 613 599 quam
623 519 692 581 lecti
706 520 802 582 mollia
812 531 916 599 strata,

223 619 252 669 et
264 606 366 668 sedare
377 606 452 665 sitim
464 605 542 681 prius
554 613 600 664 est
611 622 693 682 quam
703 603 808 683 pocula
818 613 920 665 natum.

223 692 295 751 haec
305 690 392 766 igitur
402 696 522 767 possunt
533 687 630 747 utendi
643 689 757 766 cognita
767 705 853 749 causa

225 775 352 849 credier,
364 790 401 831 ex
411 790 464 832 usu
480 788 552 849 quae
564 779 628 832 sunt
638 773 753 850 vitaque
765 780 888 850 reporta.

160 870 212 925 850
223 858 270 918 illa
283 856 396 936 quidem
408 872 537 916 seorsum
549 864 613 914 sunt
624 857 732 932 omnia,
745 872 817 933 quae
828 856 907 934 prius
918 857 981 935 ipsa

224 950 288 1001 nata
299 939 406 999 dedere
416 956 484 998 suae
500 947 567 1016 post
577 939 703 999 notitiam
713 938 847 999 utilitatis.

225 1041 281 1104 quo
293 1040 401 1102 genere
413 1023 440 1081 in
452 1022 549 1100 primis
562 1040 665 1083 sensus
677 1031 707 1082 nt
718 1022 843 1083 membra
853 1020 998 1092 videmus3

225 1126 313 1187 quare
322 1107 406 1167 etiam
420 1113 505 1183 atque
519 1107 603 1166 ctiam
614 1103 716 1184 procul
726 1115 771 1167 est
782 1113 813 1165 ut
824 1104 945 1168 credorc
959 1107 1059 1186 possis

224 1191 351 1252 utilitatis
363 1189 400 1249 oh
412 1188 537 1248 officium
547 1191 677 1267 potuisse
692 1190 790 1250 creari.
807 1188 821 1273 l}

162 1287 213 1340 855
261 1274 274 1355 ΙΙ
289 1272 363 1335 Illud
374 1275 442 1333 item
452 1290 508 1332 non
521 1281 565 1333 est
578 1273 750 1350 mirandum,
764 1274 895 1353 corporis
907 1275 970 1352 ipsa

225 1358 301 1439 quod
311 1367 408 1417 natura
420 1357 513 1417 cibum
525 1359 633 1435 quaerit
645 1358 782 1435 cuiusque
793 1359 947 1418 ammantis.

226 1445 332 1522 quippe
344 1441 449 1500 etenim
460 1439 549 1500 fluere
559 1450 645 1519 atque
658 1441 797 1500 recedere
810 1457 932 1519 corpora
941 1440 1032 1503 relus
1061 1490 1066 1499 .

225 1526 311 1585 multa
321 1523 411 1584 modis
423 1523 517 1584 multis
529 1523 630 1602 docui,
642 1523 695 1584 scd
706 1522 825 1602 plurimu
836 1524 943 1585 debent

226 1629 263 1669 ex
274 1606 447 1676 animalihu';
461 1622 541 1685 qaae
553 1609 616 1686 quis
628 1617 692 1669 sunt
704 1609 830 1668 exercita
839 1616 933 1685 motu,

162 1703 215 1757 860
227 1691 312 1752 multa
323 1708 376 1770 per
384 1708 417 1751 os
429 1689 612 1768 exhalantur,
626 1708 690 1751 oum
701 1689 988 1770 languidaanlrclant,

226 1775 370 1852 multaque
381 1791 435 1852 per
445 1775 577 1835 sudorem
589 1793 627 1835 ex
637 1773 695 1834 alto
706 1793 809 1853 pressa
817 1775 954 1836 feruntur.

226 1860 270 1920 his
281 1860 367 1935 igitur
378 1857 464 1918 rebus
475 1860 594 1918 rarescit
606 1876 712 1937 corpus
723 1867 752 1919 et
762 1860 853 1918 omnis

227 1943 369 2005 subruitur
379 1950 490 2011 natura;
502 1940 585 2001 dolor
597 1960 679 2021 quam
690 1944 875 2021 consequitur
884 1960 954 2003 rem.

226 2036 380 2107 propterea
392 2027 501 2104 capitur
512 2025 593 2086 cibus
603 2070 612 2103 ,
624 2035 655 2087 ut
665 2024 806 2086 suffulciat
819 2036 895 2088 artus

161 2122 213 2178 865
226 2122 255 2173 ct
266 2119 382 2171 recreet
393 2111 469 2170 vires
480 2109 652 2187 interdatus,
664 2119 749 2188 atque
761 2119 905 2188 patentem

226 2213 280 2276 per
294 2193 463 2254 membranae
473 2210 560 2254 venas
573 2201 603 2253 ut
615 2210 738 2253 amorem
750 2202 864 2271 opturet
876 2192 988 2255 edendi

228 2297 307 2339 umor
319 2279 386 2338 item
397 2277 518 2338 discedit
529 2279 557 2336 in
569 2279 659 2337 omnia
674 2294 747 2356 quae
759 2275 824 2336 loca
835 2295 956 2355 cumque

228 2371 351 2441 poscunt
363 2378 501 2420 umorem:
513 2359 726 2438 glomerataque
737 2359 823 2421 nauita
834 2362 949 2439 vaporis

230 2461 368 2524 corpora,
382 2461 455 2521 quae
466 2444 613 2504 stomacho
624 2444 763 2522 praebent
774 2444 905 2504 incendia
914 2452 1033 2514 nostro.

163 2538 218 2594 870
229 2529 355 2606 dissupat
366 2526 519 2587 adveniens
531 2525 624 2605 liquor
634 2545 668 2587 ac
679 2529 830 2606 restinguit
839 2538 870 2589 ut
881 2529 993 2606 ignem,

229 2630 313 2673 urere
324 2630 360 2671 ne
370 2613 463 2689 possit
476 2609 553 2671 calor
564 2610 682 2689 amplius
693 2611 787 2672 aridus
797 2620 882 2673 artus.

229 2698 272 2761 sic
284 2697 369 2774 igitur
380 2695 429 2756 tihi
440 2693 541 2755 anhela
551 2696 613 2755 sitis
624 2694 660 2755 de
673 2712 797 2774 corpore
808 2705 906 2757 nostro

229 2781 365 2858 abluitur,
378 2781 421 2840 sic
433 2779 565 2858 expletur
575 2781 667 2840 ieiuna
677 2779 789 2859 cupido.
807 2778 821 2865 ΙΙ

270 2862 352 2925 Nunc
365 2866 412 2942 qui
424 2864 469 2924 liat
480 2866 520 2923 uti
532 2881 634 2942 passus
646 2863 778 2941 proferro
790 2879 943 2942 queamus,

165 2955 217 3010 875
230 2966 293 3008 cunr
303 2947 451 3023 volumus,
465 2949 601 3025 varieque
613 2947 705 3006 datum
716 2948 752 3007 sit
766 2947 891 3007 membra
901 2962 1039 3025 movero,

230 3041 259 3091 et
271 3048 343 3108 qnae
355 3048 402 3090 res
415 3039 519 3089 tantum
530 3029 587 3089 hoc
602 3033 696 3090 oneris
711 3030 880 3108 protrudere
890 3029 981 3090 nostri

231 3116 360 3191 corporis
372 3114 505 3190 insuerit,
519 3111 622 3172 dicam:
637 3123 667 3173 tu
680 3116 800 3193 percipe
812 3114 895 3175 dicta.

233 3197 299 3256 dico
310 3197 401 3255 animo
412 3205 511 3256 nostro
522 3197 640 3274 primum
652 3197 801 3259 simulacra
811 3195 922 3257 meandi

231 3279 365 3340 accidere
377 3286 462 3356 atque
474 3280 593 3339 animum
606 3280 737 3359 pulsare,
750 3291 780 3342 ut
792 3281 912 3341 diximus
923 3289 1000 3342 anto.

166 3372 220 3427 880
231 3363 295 3424 inde
307 3361 437 3423 voluntas
449 3362 493 3424 iit:
505 3367 683 3444 nequeenim
696 3364 793 3427 iacere
805 3365 903 3444 incipit
914 3362 1000 3424 ullam

230 3466 290 3509 rem
303 3448 466 3527 quisquam,
481 3465 571 3527 qaam
583 3467 663 3509 meus
674 3449 797 3528 providit
808 3448 875 3529 qnid
886 3445 957 3509 velit
968 3456 1038 3509 anto
