2340 3854
119 242 157 282 uu
516 221 731 280 PRAEFATIO.

121 389 474 458 emendatiolachmanni‚
492 389 539 460 qui
550 390 584 458 ll,
594 394 647 449 515
663 388 949 463 redeuntemque
959 391 1120 449 conexitin

120 482 276 550 emurque.
307 475 350 529 Ex
360 472 522 529 huiusmodi
537 472 621 544 igitur
638 471 742 528 mendo
759 473 784 527 si
794 474 904 545 priores
920 474 995 531 duae
1013 475 1122 532 litterae

121 560 150 613 in
161 555 391 630 irnsrnrbns
408 563 486 628 ortae
498 562 578 626 suut,
593 556 674 612 facile
693 555 760 611 inde
779 556 808 611 id
823 558 992 614 vocabulum
1004 559 1122 628 elicitur,

121 642 197 713 quod
214 643 243 696 in
260 656 375 699 versum
385 644 420 697 lt
435 639 600 695 asciscimus
615 640 675 695 ‚sicr
696 639 821 696 mutem
835 645 943 713 maenas
961 641 1122 697 hastatis

121 726 311 782 emeramus.
344 724 401 779 lam
411 739 482 781 vero
490 739 607 779 mancus
617 724 709 780 evasit
719 724 788 779 alter
799 741 900 782 versus
913 729 958 784 43.
990 725 1122 780 Eumvix

121 809 212 880 aptius
230 815 297 881 puto
317 808 443 879 suppleri
459 823 546 878 posse
564 822 648 878 quarn
669 806 745 863 idem
770 810 937 864 vocabulum
954 809 1038 864 etiam
1057 815 1123 879 post

121 894 208 948 ermis
218 891 352 963 ponendo
364 891 441 961 quod
452 906 515 945 cum
526 892 664 946 animatus
680 890 821 946 coniunxit
831 892 987 948 Lucretium
1006 897 1122 948 amatas

120 977 207 1031 armas
224 976 364 1047 pariter
375 975 539 1045 pariterque
557 975 707 1042 manem,
734 989 789 1044 quo
809 976 936 1047 legiones
954 991 1012 1031 non
1030 975 1123 1031 minus

122 1059 214 1114 animo
228 1074 311 1130 quam
317 1058 407 1113 annis
418 1072 582 1128 pares-esse
595 1057 732 1116 dicuntur.
908 1065 911 1068 ’

183 1310 281 1366 Restat
293 1314 323 1365 ut
333 1309 455 1365 indicem
469 1309 628 1382 signorum,
647 1311 747 1383 quibus
761 1327 829 1366 usus
847 1326 924 1380 sum,
941 1310 1121 1383 significatio·

122 1411 182 1449 nes.
214 1395 256 1452 Ac
267 1393 388 1465 primum
398 1392 513 1465 quidem

184 1473 197 1551 [
207 1474 219 1551 ]
232 1476 310 1532 uncis
336 1476 513 1531 includuntur
530 1477 639 1545 omnia,
657 1491 730 1547 quae
742 1478 922 1550 interpolator
940 1478 1013 1546 (vid.
1036 1494 1123 1550 supra

122 1578 151 1635 p.
166 1561 227 1629 VI.)
238 1560 285 1616 vel
297 1559 395 1614 alienis
406 1559 475 1615 locis
486 1559 597 1618 iteravit
605 1561 651 1614 vel
662 1560 724 1632 ipse
737 1561 863 1616 confecit
889 1561 997 1616 Deinde

200 1638 215 1720 Η
241 1643 350 1699 lineolis
365 1643 395 1698 in
412 1643 496 1699 initiis
522 1649 549 1699 et
564 1643 594 1698 in
609 1641 711 1700 finibus
732 1649 860 1699 notantur
885 1661 937 1700 eae
958 1645 1121 1715 particulae,

123 1744 193 1799 quas
210 1726 321 1798 scripsit
335 1726 448 1798 quidem
461 1726 605 1783 Lucretius
622 1726 674 1782 sed
690 1727 835 1784 seiunctim
856 1744 873 1783 a
890 1728 1020 1783 carminis
1035 1728 1123 1783 conti·

123 1811 226 1866 nuitste
246 1810 275 1864 in
292 1809 481 1881 singularibus
498 1809 640 1866 schedulis
660 1811 849 1884 consignavit.
888 1810 945 1867 Eas
962 1810 996 1879 Q.
1014 1810 1122 1879 Cicero,

122 1895 169 1964 qui
187 1898 253 1965 post
264 1897 367 1965 poetae
382 1904 499 1949 mortem
516 1910 630 1950 carmen
644 1893 839 1950 Lucretianum
860 1895 960 1964 edidit,
982 1895 1019 1950 ibi
1036 1896 1122 1950 collo·

122 1979 196 2034 cavit
208 1993 262 2048 quo
274 1978 415 2049 pertinere
426 1977 602 2047 videbantur,
613 1994 707 2048 neque
717 1983 811 2034 tamen
818 1977 945 2051 effugere
956 1978 1047 2050 potuit
1056 1979 1123 2049 quin

120 2062 284 2133 interrumpi
299 2061 475 2132 aequabilem
486 2061 616 2117 carminis
630 2067 757 2118 tenorem
767 2064 829 2118 talis
842 2064 928 2119 lector
941 2063 1042 2117 sentiat
1053 2077 1122 2132 qua·

121 2146 154 2201 lis
167 2145 216 2200 luit
229 2144 439 2214 Lachrnannus,
456 2146 504 2215 qui
525 2144 638 2217 quidem
654 2146 684 2200 in
702 2145 761 2201 istis
777 2147 920 2218 particulis
934 2145 1122 2218 segregandis

121 2230 159 2284 ita
173 2235 302 2285 versatus
316 2234 372 2298 est,
391 2234 422 2282 ut
435 2229 594 2284 nesciamus
604 2235 695 2284 utrum
706 2231 888 2302 sagacitatem
899 2230 989 2302 magis
1000 2229 1121 2284 admire-

121 2328 183 2367 mur
197 2328 233 2367 an
244 2311 465 2382 temperantiam.
502 2312 628 2382 Denique

185 2412 220 2450 ea
236 2396 390 2463 vocabula,
409 2410 482 2464 quae
503 2411 561 2450 non
580 2397 735 2452 exstantia
753 2396 897 2453 codicibus
912 2396 1026 2452 sedvel
1044 2411 1123 2449 asu-

121 2479 280 2550 perioribus
292 2477 445 2533 editoribus
456 2479 503 2534 vel
517 2478 724 2535 abachmanno
739 2482 786 2537 vel
800 2496 817 2535 a
831 2495 876 2535 me
888 2479 1046 2551 excogitata
1058 2483 1123 2532 sunt

122 2563 159 2616 ad
176 2559 329 2633 explendas
348 2561 551 2617 versiculorum
568 2579 731 2633 mensuras,
752 2566 875 2632 meraco,
902 2563 978 2634 quod
995 2567 1122 2631 vocatur,

122 2646 274 2701 litterarum
284 2659 386 2716 genere
403 2646 586 2716 exprimenda
598 2648 705 2718 curavi,
723 2663 759 2703 ne
769 2647 889 2719 emplius
905 2644 1123 2718 lexicographos

37 2781 40 2792 ,
122 2728 356 2800 grammaticosve
368 2729 472 2784 fallant.

182 2813 332 2867 Praeterea
344 2828 406 2868 cum
418 2811 464 2882 IV,
479 2818 548 2871 1122
563 2814 692 2870 codicum
704 2815 869 2887 scripturam
881 2815 1014 2871 elidentis
1026 2827 1123 2866 nemo-

123 2896 189 2952 dum
212 2897 408 2967 explicaverit,
433 2896 651 2953 Lachmanniani
676 2904 768 2954 autern
786 2900 892 2958 inventi
915 2885 1067 2953 ἇλιδεύσια
1087 2911 1123 2950 ne

121 2977 259 3035 Graecum
276 2979 390 3050 quidem
409 2983 568 3052 exemplum
584 2983 670 3036 ullum
682 2983 853 3052 inveniatur,
871 2982 957 3036 satius
970 2980 1063 3038 visum
1081 2983 1124 3034 est
1164 3003 1166 3008 .

121 3062 250 3119 codicum
265 3064 432 3135 scripturam
441 3065 575 3120 stemate
586 3064 718 3122 exhibere
734 3073 800 3120 nota
813 3062 835 3138 †
846 3067 984 3138 apposita.

182 3175 243 3234 Ser.
255 3175 371 3232 Bonnae
385 3195 421 3233 m.
433 3178 532 3235 Martio
545 3194 572 3238 a.
588 3178 763 3236 nnccctrl.
