2340 3854
563 216 591 277 t

162 384 330 464 corporibus
342 382 455 462 liquidis
470 391 535 444 sunt
547 383 640 442 omnia
651 399 720 461 pura
731 381 832 442 relicta

93 480 149 532 500
163 477 192 528 et
204 466 381 528 levioraaliis
396 466 467 543 alia,
481 475 510 526 et
521 464 725 546 liquidissimus
737 464 837 526 aether

161 560 246 630 atque
258 550 420 611 leuissimus
432 551 524 609 adrias
536 547 724 627 superinduit
735 565 836 627 auras,

160 653 216 694 nec
230 633 365 712 liquidum
381 650 486 710 corpus
498 630 673 692 turbantibus
685 631 759 690 aeris
774 635 851 692 auris

162 719 336 778 commiscet.
350 718 414 777 sinit
426 715 472 776 hio
483 713 616 774 violentis
630 714 722 772 omnia
731 717 805 774 verti

160 799 336 877 turbinibus,
351 800 416 860 sinit
427 798 544 858 incertis
558 797 671 857 turbare
683 796 841 877 procellis,

92 893 148 946 505
159 884 223 962 ipse
235 900 304 944 suos
315 883 389 959 ignis
403 891 483 942 certo
496 879 551 942 lert
561 882 668 960 impete
681 878 791 942 labens.

159 983 224 1026 nam
234 965 346 1026 modice
359 965 448 1025 lluere
459 974 545 1043 atque
560 980 616 1024 uno
629 979 719 1044 posse
731 963 848 1026 aethera
859 967 922 1027 nisu

160 1049 300 1126 significat
309 1047 431 1126 Pontos,
444 1066 520 1108 mere
533 1056 613 1109 certo
626 1047 702 1127 qnod
715 1048 775 1108 uun
788 1059 869 1109 aestu

160 1150 244 1192 unum
255 1131 367 1192 labendi
380 1148 552 1193 conservans
562 1148 654 1210 usque
666 1141 803 1192 tenorem.

189 1211 204 1297 Η
216 1215 340 1276 Motibus
351 1224 491 1276 astrorum
501 1233 575 1275 nunc
588 1217 709 1293 quaesit
723 1232 808 1275 causa
820 1232 959 1274 canamus.

90 1308 149 1360 blo
160 1300 300 1380 principio
309 1316 427 1375 magnus
444 1298 515 1359 caeli
532 1299 556 1358 si
569 1299 689 1358 vortitur
700 1298 795 1374 orbis,

160 1401 198 1443 ex
212 1392 330 1461 ntraqne
342 1380 439 1461 polum
450 1382 522 1460 parti
534 1398 665 1461 premere
675 1388 742 1441 nitra
753 1381 836 1440 nobis

159 1465 308 1527 dicendum
320 1474 365 1526 est
381 1475 518 1544 extraque
533 1474 632 1525 tenere
643 1474 673 1525 et
689 1463 822 1524 claudere
832 1465 987 1542 utrimqne;

158 1549 224 1610 inde
238 1549 322 1610 alium
334 1566 419 1628 supra
431 1548 520 1609 lluere
532 1557 617 1627 atque
632 1548 779 1609 intendere
794 1546 943 1625 deorumn,

158 1632 229 1694 biae
240 1631 323 1693 alium
333 1643 448 1712 supter,
464 1641 561 1693 contra
573 1634 621 1712 qui
631 1631 770 1693 subvehat
782 1631 894 1699 orbem;

91 1725 146 1776 515
158 1725 188 1776 ut
200 1716 300 1777 llnvios
312 1734 429 1778 versare
440 1725 517 1777 rotas
528 1726 614 1795 atque
626 1726 719 1777 austra
729 1714 866 1775 videmus.

159 1817 216 1878 quo
226 1799 367 1860 volvenda
377 1801 480 1861 micant
492 1803 599 1860 aeterni
612 1799 705 1860 sidera
718 1797 821 1859 mundi.

159 1892 204 1943 est
216 1884 299 1944 etiam
311 1900 425 1962 quoque
437 1885 476 1944 uti
487 1886 580 1962 possit
590 1883 699 1944 caelum
712 1900 794 1942 omne
804 1899 919 1941 manere

157 1967 185 2024 in
196 1967 334 2043 statione,
351 1976 444 2025 tamen
456 1984 520 2025 cum
531 1964 624 2024 lucida
634 1968 715 2043 signa
726 1965 865 2024 ferantur:

157 2050 219 2108 sive
233 2046 309 2126 quod
320 2046 422 2107 inclusi
433 2047 523 2125 rapidi
533 2056 597 2107 snnt
609 2046 732 2107 aetheris
745 2056 861 2120 aestus,

94 2141 147 2192 520
158 2138 386 2209 quaerentesque
402 2131 475 2187 viam
487 2130 742 2189 circumversnntnr
753 2138 782 2187 et
793 2130 876 2204 ignes

156 2216 262 2294 passim
273 2230 327 2291 per
338 2210 411 2273 caeli
421 2209 538 2272 volvunt
549 2213 676 2272 immania
687 2209 807 2288 templn;

157 2300 218 2358 sive
228 2295 340 2357 aliunde
353 2295 443 2356 lluens
455 2294 585 2356 alicunde
598 2297 777 2357 extrinsecus
790 2301 841 2352 air

156 2391 252 2442 versat
264 2397 353 2458 agens
364 2381 454 2458 ignis3
469 2380 531 2440 sive
542 2381 597 2458 ipsi
609 2397 729 2458 serpere
742 2387 862 2457 possunt

157 2481 213 2543 quo
225 2465 362 2543 cuiusque
374 2464 455 2526 cibus
469 2474 553 2525 vocat
564 2473 648 2544 atque
659 2463 756 2524 inritat
768 2463 875 2539 euntis,

89 2556 143 2609 ott
155 2547 281 2608 flammea
295 2565 348 2626 per
361 2547 471 2607 caelum
481 2550 625 2626 pascentis
639 2564 759 2627 corpora
770 2549 884 2625 passim.

156 2648 219 2690 nam
231 2630 298 2709 quid
309 2632 337 2690 iu
348 2629 516 2689 boemundo
530 2633 567 2690 sit
579 2648 676 2691 eorum
687 2648 795 2710 ponere
809 2639 916 2689 certum

157 2713 272 2774 difficile
285 2722 344 2774 est:
359 2712 412 2772 sed
424 2711 490 2790 quid
505 2715 597 2790 possit
612 2715 716 2792 liatque
728 2729 874 2791 peremne

155 2799 183 2856 in
193 2799 278 2858 variis
292 2794 400 2856 mundis
411 2797 487 2854 veria
497 2797 605 2855 ratione
618 2797 736 2871 creatis,

154 2879 183 2940 id
194 2878 305 2959 doceo,
319 2878 467 2958 plurisque
481 2896 588 2956 sequor
599 2880 753 2958 disponere
766 2895 885 2953 causas,

89 2971 144 3025 530
153 2964 275 3024 motibus
291 2972 429 3024 astromm
440 2980 513 3041 quae
525 2964 636 3040 possint
648 2980 715 3023 esse
726 2978 780 3040 per
790 2977 889 3028 omne;

155 3066 172 3106 e
185 3047 287 3125 quibus
299 3064 352 3105 una
363 3056 456 3107 tamen
466 3048 521 3107 siet
532 3045 578 3106 hic
590 3063 704 3125 quoquc
717 3061 801 3104 causa
815 3051 983 3117 necessest,

155 3148 229 3209 quae
239 3140 344 3208 vegeat
358 3139 463 3190 motum
476 3131 580 3207 signis:
593 3129 646 3190 sed
657 3145 730 3207 quae
741 3128 778 3186 sit
789 3143 884 3186 earnm

154 3215 323 3293 praecipere
335 3213 568 3292 hautquaquamst
579 3211 763 3291 pedetemtim
774 3209 994 3288 progredientis.
1011 3203 1026 3288 ll

196 3295 339 3374 Terraque
350 3299 418 3357 utin
429 3297 520 3357 media
533 3295 627 3355 mundi
639 3297 758 3373 regione
774 3296 919 3372 quiescat,

91 3387 141 3440 535
153 3397 329 3440 evanescere
343 3379 475 3459 paulatim
487 3388 516 3441 et
529 3379 701 3441 decrescere
713 3377 825 3458 pondus

155 3463 302 3541 convenit,
317 3470 402 3541 atque
414 3463 496 3523 aliam
507 3473 631 3524 naturam
642 3473 742 3542 supter
752 3460 877 3539 habere,
909 3492 912 3497 ·
