2340 3854
137 214 181 287 to
552 162 558 169 ⁸
621 215 662 276 ιιι

221 385 328 449 addere
339 387 414 448 enim
426 387 514 464 pertis
524 394 573 445 aut
584 383 683 445 ordine
692 385 834 445 traiecere
848 394 978 448 aecumst

220 481 269 532 aut
279 468 386 550 aliquid
397 486 515 548 prosum
526 467 563 528 de
573 485 681 528 summa
692 467 843 528 detrahere
854 467 959 546 hilum,

223 563 397 615 commutare
406 553 528 613 minan
539 553 710 631 quicumque
721 551 848 612 adoritur
859 561 889 613 et
899 553 959 612 inlit

220 647 267 698 eut
278 635 361 696 aliam
373 636 501 716 quamde
512 644 639 695 naturam
654 634 774 696 flectere
785 637 905 715 quaerit.

158 731 209 784 515
223 730 251 781 at
263 737 357 799 neque
371 719 519 782 transferri
530 719 586 780 sibi
596 719 685 799 partis
695 736 752 779 nee
762 720 848 779 tribui
857 719 921 779 vult

221 801 369 864 inmortale
384 803 461 882 quod
473 811 519 863 est
530 803 682 880 quicquam
692 821 788 882 neque
802 801 932 864 defuere
941 803 1045 866 lullum

90 880 95 892 '
221 905 286 948 nam
297 885 497 966 quodeunque
509 887 568 946 suis
578 893 714 945 mutatum
725 887 828 948 finibus
839 888 916 966 exit,

223 972 358 1032 continuo
370 969 428 1031 lroc
441 986 520 1030 mors
536 979 582 1031 est
593 967 670 1030 illius
682 969 759 1047 quod
770 969 823 1030 fuit
834 981 910 1032 ante.

222 1071 294 1132 ergo
305 1054 414 1115 animus
428 1055 490 1114 sire
501 1053 665 1131 aegrescit,
675 1053 803 1114 mortalia
816 1057 898 1133 sigan

157 1148 209 1200 520
223 1139 325 1216 mittit,
340 1139 381 1198 uti
395 1136 498 1215 docui,
511 1154 564 1199 seu
579 1135 704 1197 flectitur
714 1154 730 1197 a
741 1137 890 1199 medicine.

222 1240 313 1301 usque
325 1221 399 1284 adeo
410 1221 500 1283 falsae
515 1221 616 1280 rationi
626 1239 695 1280 vera
705 1221 821 1282 videtur

222 1323 271 1367 res
285 1322 441 1367 occurrere
457 1314 487 1366 et
498 1304 635 1383 effugium
646 1304 836 1384 praecludere
851 1307 945 1384 eunti,

221 1390 395 1469 ancipitique
409 1389 534 1450 refutatu
546 1390 719 1450 convincere
731 1388 843 1450 falsum.

263 1473 396 1552 Denique
407 1490 497 1552 saepe
507 1471 650 1533 hominem
661 1470 794 1552 paulatim
806 1475 947 1534 cernimus
961 1475 1004 1535 ire

156 1567 208 1620 ⁵25
222 1566 252 1619 et
266 1557 443 1617 membratim
456 1554 572 1616 vitalem
582 1555 744 1635 deperdere
753 1575 883 1625 sensum

221 1639 635 1785 infidelitati?
645 1638 791 1785 liti
803 1644 833 1702 ⁰¹
843 1642 963 1786 ”llll

219 1744 262 1869 lle
276 1743 472 1869 allgslraotim
482 1806 571 1886 gelidi
581 1743 704 1887 voltilia
719 1744 792 1869 leti.e
804 1743 858 1805 W
936 1745 951 1786 ³
1068 1784 1071 1791 Ι

222 1892 359 1954 scinditur
368 1909 462 1970 aeque
477 1895 586 1952 animae
600 1892 674 1953 haec
686 1894 817 1971 qnoniam
827 1903 926 1954 notura
937 1912 991 1955 neo
1002 1912 1061 1956 uno

156 1987 208 2041 530
222 1987 353 2055 tempore
365 1977 477 2038 sincera
493 1978 609 2054 existit,
621 1976 749 2039 mortalis
761 1977 928 2038 hohendast.

221 2059 298 2141 qood
312 2063 336 2122 si
348 2060 422 2121 lorte
435 2071 518 2140 putas
529 2061 619 2140 ipsam
631 2081 663 2122 se
674 2079 764 2139 posse
774 2080 829 2141 per
838 2071 916 2123 artus

220 2148 357 2205 introsum
370 2144 483 2206 uenere
494 2154 524 2206 et
535 2147 622 2224 par-tis
638 2145 801 2206 conducere
813 2148 841 2204 in
852 2164 937 2205 unum

217 2238 305 2307 etque
316 2229 383 2290 ideo
394 2231 505 2289 cunctis
516 2247 632 2290 sensum
643 2227 789 2290 deducere
800 2230 952 2308 memoris,

219 2322 248 2373 at
259 2311 342 2373 locus
352 2311 403 2372 ille
416 2322 529 2388 emen,
545 2329 601 2392 quo
613 2314 697 2390 copia
707 2321 783 2373 tanta
798 2315 899 2373 animai

156 2405 208 2459 555
220 2397 351 2474 cogitur,
363 2397 392 2454 in
403 2412 491 2456 sensu
502 2395 589 2456 debet
602 2398 710 2456 maiore
720 2395 828 2464 videri:

219 2479 939 2644 iimtffiisstitllttr‘tttelffm
951 2491 1034 2562 ⁰''‘⁶’

220 2647 287 2725 quin
301 2646 387 2706 etiam
402 2647 426 2707 si
440 2647 496 2706 iam
507 2645 596 2707 libeat
609 2609 773 2709 clncederc
788 2648 908 2729 falsum,

219 2742 249 2792 et
263 2728 330 2790 dare
345 2745 434 2809 posse
443 2731 563 2792 animam
575 2731 728 2810 glomerari
740 2735 769 2794 in
781 2752 905 2815 corpore
917 2752 1032 2812 eorum,

155 2824 208 2878 eto
221 2815 325 2875 lumina
336 2814 385 2893 qui
398 2814 506 2876 lincunt
520 2818 678 2879 moribundi
695 2818 900 2899 particulatim,

218 2897 368 2959 mortalem
379 2907 475 2960 tamen
489 2918 557 2962 esse
568 2904 688 2964 animam
699 2904 809 2965 fateare
824 2920 966 2975 necesse,
987 2943 991 2949 ·

219 3001 275 3043 nec
285 2980 376 3042 refert
387 2992 480 3043 utrum
493 2997 594 3064 pereat
605 2987 736 3069 dispersa
749 3003 802 3065 per
815 3003 898 3045 auras

217 3086 253 3127 an
268 3075 413 3128 contracta
430 3068 518 3131 suise
532 3072 662 3150 partibus
674 3072 877 3141 obmutescet,

218 3149 330 3230 quando
341 3148 484 3214 hominem
494 3163 584 3217 toturn
595 3157 685 3233 magis
698 3170 733 3213 ee
746 3151 836 3227 magis
848 3146 971 3226 undique
985 3167 1091 3216 sensus

152 3244 205 3298 545
221 3235 317 3295 deficit
331 3243 361 3295 et
375 3237 450 3299 utne
461 3240 554 3299 minus
567 3247 597 3300 et
608 3239 699 3297 minus
710 3232 833 3312 undique
846 3239 943 3294 restat.

259 3317 297 3380 Et
312 3322 444 3399 quoniam
458 3340 540 3384 mens
554 3328 600 3382 est
614 3319 736 3380 hominis
750 3331 816 3394 pars
828 3330 898 3393 una,
910 3311 977 3377 loco
989 3335 1063 3397 quae

218 3404 272 3465 ixa
284 3413 380 3465 manet
393 3413 492 3481 certo,
504 3403 584 3464 velot
594 3419 679 3464 aures
689 3408 775 3479 atque
789 3395 868 3458 ocull
878 3406 942 3459 sunt

216 3496 301 3567 atque
315 3486 362 3548 alii
374 3504 477 3549 sensus
491 3487 636 3568 quiritur
651 3498 772 3561 cumque
787 3480 961 3561 gubernant,
