2340 3854
137 228 180 294 44
621 225 649 286 ll

223 411 346 473 corpora
357 394 446 473 prima
460 392 566 468 tribus,
581 389 629 452 rel
642 391 726 471 paulo
741 391 869 470 pluribus
882 409 971 469 auge:

222 495 326 557 nempe
337 477 385 536 nbi
399 493 449 536 aas
462 477 550 554 pertis
561 475 643 536 unius
656 476 787 553 eorporis
799 477 907 551 omsb,

223 577 330 622 summa
341 568 427 638 atque
438 557 817 634 marcomannorum
831 557 951 621 dexteru
960 555 1073 635 lucris,

224 641 390 703 omnimodis
400 650 539 720 expertas
551 642 625 717 oris,
638 658 721 720 quaro
736 643 857 720 quisque
868 640 917 700 det
928 639 1000 720 ordo

160 736 213 792 too
224 727 323 787 lormai
334 727 465 804 speciem
473 726 562 787 totins
574 726 704 802 corporis
718 726 799 801 eius,

224 808 301 888 quod
312 816 463 887 superest,
475 809 501 868 si
512 805 586 868 lorte
597 806 681 868 voles
692 809 800 869 umbre
812 809 934 885 ligurus,

224 892 381 952 addendum
390 893 478 970 partis
489 889 558 953 aliae
569 891 632 953 erit.
654 889 885 968 indesequetur,

224 973 344 1035 adsimili
357 976 467 1035 ratione
478 971 550 1034 elias
559 982 589 1032 ut
600 973 728 1052 postulet
739 973 825 1051 ordo,

225 1060 250 1119 si
261 1066 292 1118 tu
304 1057 380 1118 forte
392 1056 476 1117 voles
489 1057 573 1117 etiam
584 1058 694 1118 vadare
707 1057 821 1135 ligurus.

162 1151 213 1206 495
226 1158 298 1218 ergo
310 1141 462 1201 lormarum
475 1140 629 1200 novitatem
640 1142 770 1219 corporis
781 1158 903 1218 augmen
1039 1211 1040 1214 Ἴ

225 1225 416 1303 subsequitur.
430 1241 517 1302 quare
526 1240 584 1283 uon
595 1232 641 1283 est
652 1232 682 1283 ut
692 1223 812 1284 credere
823 1225 918 1303 possis

226 1327 294 1369 esse
305 1309 418 1369 inlinitis
432 1307 561 1368 munta
571 1308 679 1367 semina
691 1306 806 1384 formis,

226 1409 263 1451 ne
274 1390 409 1470 quaedam
421 1407 510 1467 cogas
521 1391 622 1450 inmam
634 1391 805 1451 mammimte

229 1493 313 1551 esse,
324 1491 411 1553 supra
422 1472 564 1552 quodiam
577 1473 661 1534 docui
673 1491 729 1534 non
740 1491 829 1552 posse
840 1471 963 1552 probari.

163 1570 216 1623 ooo
230 1560 282 1617 iarn
293 1557 343 1616 tibi
355 1556 520 1616 barbaricae
530 1565 629 1618 vestes
641 1555 842 1636 Meliboeaque
853 1554 969 1632 lulgeus

229 1657 353 1720 purpura
365 1638 533 1701 Thessalico
546 1639 717 1700 concharum
729 1648 804 1700 tacta
818 1639 918 1699 colore

230 1723 374 1802 caudaque
384 1741 525 1802 pavonum
538 1722 640 1784 ridenti
655 1724 760 1784 imbuta
769 1723 872 1802 lepore

230 1823 317 1867 caeca
328 1823 404 1866 novo
415 1825 509 1866 rerum
520 1815 652 1884 superata
665 1806 764 1867 colore
775 1808 903 1866 iacerent

231 1899 261 1951 et
272 1898 452 1968 contemptus
464 1889 535 1950 odor
547 1907 679 1964 smyrnae
689 1888 840 1968 mellisque
852 1905 989 1968 sapores,

167 1985 218 2038 505
229 1981 259 2034 et
271 1991 379 2049 cycnea
388 1972 465 2033 mele
478 1972 670 2052 Phoebeaque
682 1973 799 2035 daedala
810 1972 924 2034 cbordis

230 2059 351 2119 carmina
362 2056 501 2119 consimili
513 2059 621 2118 ratione
634 2074 775 2136 oppressa
788 2056 922 2119 silerent:

229 2158 350 2221 namque
360 2140 423 2202 aliis
433 2140 509 2204 aliud
520 2143 709 2220 praestantius
721 2150 897 2203 exureretur,

231 2225 338 2287 cedere
349 2226 417 2286 item
426 2234 506 2286 retro
517 2233 638 2304 possent
651 2226 679 2285 iu
691 2223 852 2287 deteriores

231 2310 322 2369 omnia
334 2309 496 2387 neporus,
511 2318 542 2369 ut
555 2307 675 2369 diximm
686 2311 714 2368 in
725 2308 867 2369 melioris:

166 2402 219 2454 510
230 2409 351 2469 namque
362 2391 425 2452 aliis
435 2391 510 2451 eliud
523 2399 600 2451 retro
615 2408 730 2471 quoque
742 2392 859 2453 taetrius
871 2396 952 2450 esset

230 2475 345 2534 naribus
358 2475 471 2535 auribus
483 2483 569 2553 atquc
582 2474 673 2536 oculis
684 2477 800 2554 orisque
813 2475 917 2553 sapori.

232 2574 305 2636 quae
318 2560 449 2635 quoniam
459 2575 516 2619 non
530 2568 614 2636 sunt,
626 2561 683 2620 recl
693 2559 781 2619 rebus
792 2557 903 2619 reddita
914 2566 995 2619 certa

232 2642 294 2701 linis
307 2642 448 2721 utrimque
458 2650 539 2703 tenet
549 2660 702 2720 summam,
715 2641 823 2704 lateare
834 2649 988 2704 necessest

231 2726 377 2785 materiem
388 2742 503 2805 quoque
519 2725 604 2787 linitis
616 2726 731 2787 differre
746 2727 852 2806 liguris.

169 2820 220 2871 tlt
232 2807 355 2887 denique
366 2810 402 2869 ab
412 2810 525 2886 ignibus
536 2808 572 2869 ad
583 2809 693 2887 gelidas
703 2813 759 2873 iter
769 2831 862 2893 usque
873 2811 988 2890 pruinas

232 2892 367 2954 licitumst
377 2902 514 2972 retroque
525 2896 586 2972 pari
597 2896 707 2955 ratione
719 2905 917 2959 remensumst.

232 2975 319 3035 ambit
330 2978 404 3036 enim
419 2975 498 3037 calor
508 2993 544 3035 ac
555 2975 663 3055 frigus,
674 2979 817 3054 mediique
827 2986 947 3053 tepores

233 3061 426 3137 interutraque
438 3062 530 3120 iacent
544 3060 697 3138 explentes
709 3060 807 3120 ordine
819 3070 968 3116 summam:

232 3158 304 3217 crgo
315 3142 390 3202 linita
403 3141 505 3203 distant
514 3145 624 3204 ratione
635 3152 745 3217 creata,

168 3234 221 3287 blo
232 3225 346 3302 ancipiti
360 3229 491 3304 quoniam
502 3228 630 3287 mucroni
642 3227 782 3300 utrimque
793 3225 940 3295 notamur,

232 3307 298 3367 binc
313 3308 431 3370 dammis
441 3309 522 3371 illinc
533 3309 633 3385 rigidis
643 3305 747 3368 inlecta
757 3301 873 3382 pruinis.

268 3387 280 3469 ll
296 3389 380 3464 Quod
391 3395 522 3471 quoniam
535 3389 637 3466 docui,
649 3403 767 3467 pergem
777 3392 933 3445 conectere
945 3403 1005 3446 renr
1018 3404 1091 3465 quae

233 3492 271 3534 er
282 3473 339 3534 boc
349 3483 414 3552 apta
425 3474 509 3534 iidem
519 3473 618 3549 ducat,
631 3467 783 3550 primordia
796 3483 907 3548 rerunr,
