2340 3854
138 207 183 270 60
627 202 654 265 11

144 381 210 437 1090
268 371 349 446 Quae
361 372 436 432 bene
450 372 731 448 augmentemus,
743 379 842 430 natura
856 367 971 430 ridetur

225 456 316 516 libera
328 457 479 531 contiuno,
493 454 613 514 dominis
627 455 736 532 privata
746 453 897 532 superbis,

225 543 288 619 ipsa
296 557 348 599 aaa
362 556 416 617 per
427 557 461 599 se
471 546 577 617 sponte
587 539 680 597 omnia
690 537 735 597 dis
746 555 834 614 agere
846 555 964 616 expers

224 640 287 682 nam
299 639 369 701 pro,
382 631 481 682 sancta
492 622 576 681 111111
586 620 736 698 tranquilla
747 629 867 698 pectora
878 637 952 700 pace

224 724 298 785 quae
313 704 456 785 placidum
466 705 575 782 degrmt
584 721 687 764 aevom
697 707 840 783 vitamque
851 722 1000 782 serenam,

142 799 209 853 1095
225 792 289 869 quis
302 807 407 866 regere
419 789 548 850 immensi
559 806 711 865 summam,
724 790 789 866 quis
802 788 910 848 habere
921 788 1059 868 profundi

225 873 291 933 iudu
301 891 384 932 maun
394 871 504 932 validas
516 872 593 952 potis
605 880 652 932 est
662 871 844 932 moderanter
853 871 997 949 itabens,

225 959 288 1036 quis
301 958 409 1036 pariter
421 955 521 1016 caelos
533 957 623 1016 onnia
637 963 809 1016 convertere
820 964 851 1015 et
861 957 951 1016 omnis

224 1042 338 1117 ignibus
347 1038 484 1101 aetheriis
495 1049 587 1101 terras
599 1039 698 1100 suffire
711 1038 835 1116 feracia,

225 1125 354 1185 omuibus
369 1125 435 1184 inve
445 1123 520 1184 locis
532 1142 600 1184 esse
615 1124 690 1182 omui
701 1132 832 1201 tempore
843 1131 978 1203 praesto,

142 1219 209 1270 1100
223 1208 345 1268 nubibus
358 1216 388 1266 ut
399 1207 534 1268 tenebras
546 1207 631 1267 faeiat
646 1205 776 1284 caelique
788 1225 891 1267 serena
1086 1207 1087 1210 ’

225 1294 369 1353 concutiat
380 1294 492 1368 sonitu,
505 1300 565 1351 tum
577 1290 693 1349 fulmina
702 1292 792 1351 mittat
803 1301 834 1350 et
844 1289 925 1352 aedis

224 1395 314 1455 saepe
325 1394 393 1437 suas
404 1374 546 1436 disturbet
557 1383 587 1435 et
596 1377 624 1434 in
634 1374 750 1434 deserta
760 1375 903 1436 recedens

224 1461 349 1535 saeviat,
362 1477 504 1519 exercens
516 1458 622 1534 telum,
635 1458 711 1536 quod
721 1476 812 1536 caepe
823 1468 963 1519 nocentes

224 1545 360 1623 praeterit
371 1545 569 1619 exanimatque
581 1542 713 1618 indiguos
723 1544 812 1620 inque
819 1538 985 1603 merentes?
997 1541 1015 1627 ss

142 1637 207 1690 1105
264 1625 411 1704 Multaque
424 1635 491 1704 post
501 1625 596 1684 mundi
605 1635 718 1704 tempus
729 1625 855 1702 genitale
867 1625 1001 1704 diemque

224 1712 411 1790 primigenum
422 1710 506 1769 naris
517 1719 547 1769 et
558 1719 651 1769 terrae
662 1709 792 1788 solisque
807 1719 936 1771 coortum

224 1793 317 1854 addita
330 1811 452 1872 corpora
462 1802 528 1853 suut
540 1795 738 1870 extrinsecus,
750 1793 844 1854 addita
854 1796 962 1854 circum

225 1880 348 1955 semina,
359 1895 434 1956 quae
444 1895 576 1955 maguum
586 1876 736 1938 iaculando
749 1877 869 1938 contulit
879 1896 978 1947 omne:

223 1960 298 2022 uude
309 1979 385 2021 mare
399 1971 429 2022 et
443 1971 537 2022 terrae
552 1971 673 2041 possent
683 1979 861 2039 augescere,
876 1972 906 2022 et
917 1963 994 2024 uude

141 2057 209 2109 1110
223 2055 376 2125 appareret
387 2047 508 2124 spatium
520 2045 593 2106 caeli
604 2045 704 2106 domus
714 2045 828 2125 altaque
840 2055 917 2107 tecta

224 2129 341 2190 tolleret
353 2148 370 2190 a
384 2133 468 2192 terris
483 2129 602 2210 procul,
619 2139 650 2191 et
661 2139 851 2208 consurgeret
861 2137 920 2191 aar.

224 2233 288 2274 uam
299 2233 350 2275 sua
361 2217 482 2294 cuique,
495 2215 569 2275 locis
581 2232 619 2274 ex
629 2214 777 2290 omnihus,
790 2217 881 2274 omnia
892 2213 989 2293 plagis

224 2316 346 2378 corpora
358 2300 561 2360 distribuuntur
575 2307 605 2356 et
616 2297 652 2356 ad
663 2314 714 2356 sua
725 2295 823 2358 saecla
833 2298 990 2377 recedunt,

224 2401 304 2443 umor
315 2383 350 2442 ad
361 2401 503 2458 umorem,
515 2391 631 2440 terreno
642 2396 765 2456 corpore
777 2389 852 2438 terra

140 2476 207 2529 1115
224 2468 345 2544 erescit,
362 2477 391 2528 et
402 2470 498 2545 iguem
509 2466 591 2540 ignes
602 2461 762 2540 procudunt
772 2468 897 2541 atraque
909 2475 983 2545 cer,

223 2551 347 2630 donique
359 2551 395 2611 ad
406 2559 561 2611 extremam
572 2543 723 2606 crescendi
734 2546 842 2623 perfica
851 2548 935 2610 iiuem

223 2636 315 2694 omnia
325 2634 459 2713 perduxit
469 2646 563 2690 rerum
574 2637 672 2687 natura
684 2631 820 2699 creatrix;

223 2729 253 2779 ut
265 2718 295 2778 fit
306 2719 354 2779 ubi
365 2716 423 2777 nilo
434 2718 488 2775 iam
499 2711 565 2792 plus
576 2720 622 2771 est
634 2711 711 2790 quod
722 2712 802 2774 datur
814 2716 888 2776 iutra

222 2802 316 2863 vitalis
328 2818 415 2862 venas
429 2814 512 2878 quam
525 2794 603 2873 quod
614 2795 673 2854 fluit
685 2807 771 2877 atque
783 2798 904 2860 recedit.

142 2896 208 2949 1110
222 2886 352 2946 omnious
364 2885 409 2944 his
420 2891 499 2942 aetas
514 2879 601 2939 debet
614 2882 774 2943 consistere
787 2882 890 2943 rebus:

223 2969 271 3030 hie
280 2977 379 3029 natura
391 2967 450 3026 suis
462 2963 589 3023 refrenat
599 2965 706 3025 viribus
717 2977 839 3026 auctum.

222 3071 286 3114 nam
298 3066 494 3132 quaecumque
505 3047 586 3108 rides
597 3048 688 3110 hilaro
699 3050 893 3126 grandescere
903 3045 1024 3106 adauctu

221 3135 412 3221 paulatimque
424 3131 529 3210 padus
540 3134 640 3194 aetatis
651 3133 791 3193 scandere
802 3129 934 3206 adultae,

222 3218 304 3300 plura
315 3218 369 3280 sibi
381 3215 530 3276 adsumunt
542 3235 626 3295 quam
637 3216 717 3276 dese
733 3230 855 3292 corpora
866 3215 995 3293 mittunt,

140 3314 206 3368 1125
221 3304 287 3364 dnm
300 3300 386 3362 facile
397 3303 426 3360 iu
438 3318 527 3361 venas
543 3300 625 3361 cibus
635 3300 725 3358 omnis
737 3297 855 3375 inditur,
867 3307 897 3358 11
910 3297 975 3358 dum

219 3387 326 3448 nonita
337 3384 470 3446 sautiare
481 3386 629 3464 dispersa,
642 3391 672 3441 ut
681 3381 769 3441 multa
782 3384 924 3443 remittant

219 3480 278 3544 etp
421 3468 585 3529 udiiaciaut
599 3468 820 3546 quamvescr'tur
830 3476 918 3528 aetas.
