2340 3854
536 189 580 257 111

140 366 258 439 apparet
269 355 364 423 divum
374 374 478 422 numen
488 357 633 440 sedesque
648 359 781 440 quietae,

141 460 212 523 quas
223 458 318 523 neque
334 442 498 504 eoneutinut
511 444 590 504 venti
600 462 657 506 nee
667 443 763 505 nubila
774 443 876 508 nimbis

91 536 128 594 20
138 535 293 608 aspergunt
305 544 399 606 neque
411 528 461 588 nix
470 529 531 588 aeri
542 537 678 589 nonoreta
688 531 786 608 pruina

142 628 212 672 nana
224 610 330 672 uadens
341 609 428 671 violat
440 628 614 691 semperque
626 612 771 674 innubilus
783 611 884 673 aether

142 696 261 773 integit,
274 703 303 754 et
314 693 396 772 large
408 694 511 756 diliuso
522 694 627 757 lumine
641 696 748 757 rident:

142 781 234 840 omnia
245 779 411 859 suppeditat
423 795 509 859 porro
521 788 634 858 natura,
647 798 743 860 neque
755 778 812 839 ulla

141 881 190 926 res
202 863 284 923 animi
295 879 397 941 panem
408 862 514 923 delibat
528 872 658 943 ternpore
669 866 697 926 in
708 863 777 925 ullo.

93 956 127 1010 25
140 957 169 1009 at
180 956 279 1009 eontra
290 964 428 1026 nusquam
438 957 576 1028 apparent
586 948 747 1010 Acherusia
758 947 882 1028 templa,

142 1049 198 1092 neo
209 1031 296 1093 tellus
308 1031 402 1094 obstet
416 1032 482 1111 quin
497 1033 589 1094 omnia
600 1034 800 1112 dispiciantur,

143 1115 197 1178 sub
208 1116 329 1197 pedibus
343 1134 540 1197 quaecumque
551 1117 623 1178 inira
634 1136 688 1197 per
698 1119 781 1178 inane
796 1124 945 1193 geruntur.

144 1199 188 1262 his
199 1201 238 1262 ibi
249 1219 294 1261 me
306 1199 392 1262 rebus
407 1201 545 1280 quaedam
557 1200 649 1261 divina
659 1200 792 1280 voluptas

145 1286 268 1365 percipit
281 1294 366 1364 atque
379 1285 496 1361 horror,
509 1283 585 1362 quod
597 1287 639 1345 sie
651 1294 750 1345 natura
761 1293 808 1344 tua
819 1285 847 1343 vi

97 1377 133 1434 ³0
144 1379 200 1430 tam
212 1367 360 1429 manifesta
372 1377 474 1448 patens
486 1386 525 1429 ex
539 1370 614 1427 omni
626 1377 707 1448 parte
719 1376 830 1428 retenta
841 1375 895 1428 est.

62 1529 64 1532 y
188 1451 226 1513 Et
238 1453 369 1532 quoniam
381 1452 483 1531 noent,
497 1462 660 1513 ounntarnm
675 1453 792 1513 exordia
803 1469 898 1513 rerum

148 1535 240 1615 qualia
255 1538 311 1598 sint
323 1545 353 1597 et
365 1555 448 1615 quam
462 1538 548 1597 variis
560 1537 690 1598 distantia
701 1537 800 1599 lormis

147 1629 251 1701 sponte
266 1639 317 1683 sua
327 1620 448 1682 volitent
459 1631 578 1682 aeterno
590 1623 700 1701 percita
710 1631 805 1700 motu,

49 1781 55 1786 ἱ
148 1723 242 1785 quove
253 1704 338 1765 modo
350 1707 461 1786 possint
472 1724 520 1768 res
532 1725 570 1768 ex
582 1706 626 1768 lris
637 1724 768 1786 quaeque
781 1706 890 1783 ornari,

100 1799 134 1854 35
149 1788 237 1852 hasne
250 1789 405 1851 seeundum
416 1808 464 1851 res
475 1792 556 1851 enimi
567 1800 665 1852 natura
676 1791 788 1852 videtur

148 1883 234 1953 atque
245 1875 352 1935 animae
365 1873 497 1935 elaranda
508 1877 580 1937 meis
590 1877 644 1935 iam
655 1875 787 1936 versibus
799 1893 884 1951 esse,

147 1967 177 2018 et
189 1966 281 2019 metus
292 1956 342 2018 ille
353 1957 431 2019 ioras
443 1976 586 2038 praeceps
601 1958 775 2019 Acheruntis
787 1957 933 2035 agendus,

148 2041 272 2100 funditus
285 2039 431 2101 humanam
446 2043 494 2119 qui
508 2044 594 2101 vitam
608 2042 701 2101 turbat
713 2043 750 2101 ab
760 2043 834 2117 imo,

149 2125 241 2184 omnia
254 2121 419 2184 suffundens
430 2125 529 2185 mortis
540 2126 672 2201 nigrore,
685 2142 779 2202 neque
791 2121 875 2183 ullam

101 2216 136 2270 40
152 2225 220 2268 esse
231 2205 407 2285 voluptatem
418 2204 551 2285 liquidam
562 2224 718 2286 puramque
731 2206 873 2286 relinquit.

150 2308 214 2351 narn
230 2289 307 2369 quod
317 2307 407 2370 saepe
421 2289 550 2352 homines
563 2292 678 2351 morbos
689 2293 780 2369 magis
796 2311 863 2353 esse
875 2291 1019 2354 timendos

149 2372 339 2454 infamemque
350 2374 445 2435 lerunt
456 2376 541 2436 vitam
553 2393 636 2454 quarn
651 2373 767 2437 Tartara
777 2375 845 2456 leti,

151 2466 180 2518 et
192 2476 225 2519 se
240 2459 316 2520 seire
330 2459 439 2520 animae
452 2468 577 2520 naturam
589 2462 734 2537 sanguinis
749 2479 834 2539 esse,

149 2543 293 2602 autetiam
305 2543 400 2620 venti,
415 2544 441 2603 si
451 2542 508 2605 lert
519 2545 557 2605 ita
568 2542 644 2604 lorte
656 2543 806 2622 voluntas,

100 2634 134 2687 45
149 2642 204 2686 nee
216 2642 333 2704 prosum
348 2628 499 2704 quiequam
509 2636 625 2688 nostrae
637 2629 873 2705 rationis-egere,

150 2707 217 2768 hine
228 2706 298 2769 linet
308 2706 441 2771 advertus
455 2709 575 2770 animum
586 2713 677 2787 magis
689 2712 780 2770 omnia
791 2710 881 2770 laudis

151 2792 249 2852 iactari
261 2807 347 2852 nausa
361 2808 444 2871 quum
454 2791 531 2869 quod
543 2810 592 2852 res
604 2793 666 2869 ipsa
680 2793 826 2871 probetur.

152 2883 284 2937 extorres
299 2873 374 2934 idem
390 2875 480 2952 patria
494 2873 640 2953 longeque
652 2874 741 2952 fugati

151 2968 310 3037 conspeetu
324 2977 361 3018 ex
371 2956 530 3036 hominum,
543 2957 649 3020 foedati
664 2959 779 3019 erimine
791 2960 881 3038 turpi,

101 3054 137 3105 60
151 3043 281 3104 omnibus
293 3043 417 3104 erumnis
428 3041 534 3103 adlecti
545 3041 670 3122 deniqne
682 3043 800 3118 vivunt,

151 3137 181 3188 et
194 3144 374 3207 quocumque
386 3135 479 3188 tamen
494 3128 590 3189 miseri
601 3145 709 3187 venere
722 3135 870 3206 parentant

152 3220 182 3271 et
193 3213 290 3289 nigras
301 3219 424 3271 mactant
436 3209 565 3291 peeudes
578 3219 608 3271 et
619 3210 741 3271 manibu'
757 3209 830 3271 divis

151 3294 267 3356 inlerias
279 3295 407 3372 mittunt,
418 3294 564 3373 multoque
576 3294 604 3354 in
615 3293 703 3356 rebus
720 3294 833 3355 aeerbis

152 3380 245 3441 aerius
260 3378 411 3440 advertunt
421 3380 529 3440 animos
541 3377 576 3439 ad
586 3378 765 3457 religionem.

103 3471 137 3525 55
152 3479 209 3542 qno
222 3463 312 3543 magis
323 3465 351 3522 in
365 3461 457 3524 dubiis
468 3461 608 3524 hominem
620 3471 755 3544 speetare
767 3460 885 3542 periclis
