2340 3854
530 225 571 286 lll

64 401 119 456 245
132 392 292 454 sensiferos
302 403 396 454 motus
408 410 481 472 quae
494 392 563 454 didit
574 394 665 472 prima
675 410 729 472 per
743 402 830 454 artus.

130 478 220 557 prima
231 478 323 538 cietur
337 479 428 555 eninr,
441 479 537 556 pernis
548 477 680 556 perlecta
692 477 804 554 liguris:

129 560 196 621 inde
209 560 288 622 calor
299 570 393 622 motus
406 569 437 621 et
446 563 525 621 renti
537 578 625 622 caeca
637 569 767 639 potestus

130 646 252 724 accipit,
264 645 330 706 inde
340 652 405 705 aer:
417 644 484 705 inde
495 645 585 704 omnia
597 642 805 720 nobilitantur,

131 731 292 791 concutitur
303 731 437 806 sanguis,
449 737 508 787 tum
520 729 634 788 viscera
644 729 857 806 persentiscunt

63 821 118 875 250
129 814 237 890 omnia,
249 813 403 891 postremis
415 811 498 872 datur
510 811 627 872 osmbus
637 820 724 890 atque
735 810 868 872 medullis
882 844 885 846 v

130 898 193 957 sive
204 895 337 976 voluptas
349 905 395 957 est
407 897 470 956 sive
485 905 530 957 est
542 897 699 956 contrarius
710 895 802 955 ardor.

129 998 185 1040 nec
197 978 373 1041 temerehuc
385 978 572 1059 doloresque
585 987 683 1057 potest
695 988 846 1058 penetrare
865 997 960 1060 neque
980 999 1047 1042 aere

129 1082 295 1143 permanare
306 1063 424 1143 malum,
438 1066 505 1142 quin
517 1066 608 1124 omnia
622 1064 824 1141 perturbentur

130 1149 305 1226 usqueadeo
319 1157 352 1209 ut
362 1149 438 1208 ritae
451 1147 525 1209 desit
537 1146 621 1209 locus
632 1157 718 1224 atque
733 1149 833 1206 animai

63 1241 116 1295 255
132 1232 279 1310 diffugiant
290 1242 387 1312 partes
399 1250 453 1310 per
464 1231 561 1292 caulas
577 1231 709 1309 corporis
725 1232 824 1290 omnis.

130 1315 182 1377 sed
195 1316 365 1393 plemmque
377 1316 407 1375 lit
418 1316 446 1373 in
458 1331 568 1375 summo
580 1315 662 1392 quasi
673 1329 796 1392 corpore
809 1313 871 1373 linis

26 1428 32 1436 v
132 1400 271 1459 motibus:
283 1397 357 1459 hanc
368 1399 406 1457 ob
419 1415 480 1457 rem
492 1399 577 1457 vitam
589 1398 715 1457 retinere
727 1395 864 1458 velemus.

171 1481 255 1543 Nunc
268 1500 302 1543 ea
314 1499 371 1560 quo
384 1491 469 1560 pacto
482 1483 555 1541 inter
569 1499 637 1542 sese
648 1481 734 1541 mixta
746 1481 910 1561 quibusque·

131 1576 244 1645 compta
254 1565 345 1627 modis
357 1569 472 1644 vigeant
483 1568 620 1626 rationem
630 1564 752 1626 reddere
765 1576 896 1627 aventem

64 1662 118 1717 260
132 1650 269 1712 abstrahit
281 1651 397 1710 inritum
408 1651 491 1729 patrii
504 1651 645 1710 sermonis
657 1658 790 1727 egestas:

132 1734 184 1796 sed
196 1744 305 1813 tamen,
320 1745 352 1797 ut
363 1743 466 1815 potero
477 1736 634 1795 summatim
644 1737 803 1811 attingere,
816 1743 936 1814 tangam.

129 1822 203 1879 inter
215 1822 289 1879 enim
303 1828 418 1880 cursant
433 1818 584 1897 primordia
596 1819 799 1898 principiomm

128 1904 395 1982 northusunense,
408 1902 446 1962 nil
458 1912 488 1962 ut
500 1905 648 1963 secernier
658 1919 743 1961 unum

130 1989 223 2068 possit
237 2005 292 2047 nee
304 1989 397 2066 spatio
410 1987 471 2046 lieri
483 1985 572 2046 divise
585 1995 731 2063 potestas,

64 2080 116 2135 265
128 2070 182 2132 sed
192 2073 273 2148 quasi
287 2069 391 2129 multae
402 2072 447 2129 vis
459 2070 540 2129 unius
553 2070 684 2147 corporis
696 2076 801 2128 extant.

132 2154 208 2233 quod
219 2172 312 2231 genus
323 2155 351 2212 in
363 2155 465 2230 quovis
477 2154 645 2212 animantum
655 2153 770 2211 viscere
782 2149 870 2229 volgo

131 2247 177 2299 est
189 2237 260 2298 odor
271 2246 301 2298 et
315 2236 426 2316 quidam
438 2235 519 2297 calor
529 2245 559 2296 et
570 2252 672 2314 sapor,
688 2244 717 2295 et
729 2244 822 2294 tanuen
834 2255 871 2296 ex
883 2237 926 2297 bis

131 2321 261 2384 omnibus
272 2330 318 2382 est
330 2339 414 2381 unum
425 2319 585 2401 perlectum
597 2321 728 2400 corporis
741 2337 871 2397 augmen.

131 2409 174 2467 sie
187 2405 267 2466 calor
281 2415 368 2485 atque
383 2412 434 2466 adr
447 2414 477 2466 et
487 2406 566 2466 venti
578 2423 665 2466 caeca
678 2412 808 2484 potestas

63 2497 117 2553 ato
131 2492 216 2551 mixta
228 2499 325 2550 creant
340 2507 420 2550 unam
431 2499 573 2567 naturam,
584 2498 613 2550 et
625 2488 739 2550 mobilis
750 2487 798 2548 illa

132 2576 192 2650 vis,
206 2576 303 2633 initum
314 2583 407 2634 motus
419 2575 454 2634 ab
467 2593 500 2635 se
512 2591 585 2652 quae
598 2573 696 2633 dividit
708 2571 791 2649 ollis,

131 2656 256 2719 sensifer
267 2656 341 2717 unde
353 2659 441 2717 oritur
454 2660 574 2735 primum
585 2659 762 2735 perviscera
772 2667 875 2717 motus.

132 2759 195 2800 nam
206 2742 320 2820 penitus
332 2756 463 2819 prorsum
477 2739 547 2800 latet
561 2738 633 2799 baec
648 2749 745 2799 natura
759 2739 935 2817 subestque,
1008 2747 1010 2751 ·

133 2843 188 2886 nec
199 2825 288 2901 magis
299 2821 354 2883 luae
365 2821 599 2901 infraquicquam
609 2831 654 2883 est
666 2825 694 2881 in
708 2839 832 2899 corpore
846 2831 963 2900 nostro,

67 2917 215 2987 bibatque
230 2908 317 2968 anima
329 2915 374 2968 est
385 2907 492 2967 animae
507 2922 648 2986 proporro
659 2906 746 2967 totius
760 2907 831 2985 ipsa.

133 2991 209 3072 quod
224 3011 315 3070 genus
331 2992 358 3051 in
369 2992 474 3052 nostris
489 2991 623 3052 membris
636 3001 665 3052 et
681 3007 805 3068 corpore
819 2998 881 3051 toto

132 3080 218 3137 mixtu
229 3076 320 3137 latens
331 3077 413 3136 animi
424 3078 468 3136 vis
483 3085 529 3137 est
542 3077 707 3153 animaeque
720 3083 866 3153 potestas,

134 3161 303 3241 corporibus
314 3162 379 3238 quia
395 3160 431 3221 de
442 3161 537 3239 parvis
552 3161 709 3239 paucisque
721 3167 852 3219 createst.

132 3248 175 3308 sic
185 3245 236 3306 tibi
250 3247 369 3306 nominis
382 3244 453 3306 baec
461 3262 572 3326 expers
586 3245 646 3320 vis,
660 3242 733 3303 iacta
745 3244 857 3304 minutis

66 3329 320 3409 nosocomorum,
334 3328 403 3390 latet
414 3338 500 3408 etque
510 3330 618 3388 animae
631 3328 711 3407 quasi
722 3329 810 3388 totius
821 3328 884 3406 ipsa

133 3423 301 3492 proporrost
314 3415 403 3473 anima
415 3422 444 3473 et
455 3413 612 3473 dominatur
622 3429 745 3491 corpore
757 3420 827 3472 toto.

87 3549 89 3553 .
134 3494 272 3558 consimili
286 3498 394 3557 ratione
409 3506 564 3559 necessest
573 3507 676 3560 ventus
688 3505 718 3557 et
729 3502 781 3556 abr
