2340 3922
643 224 658 285 t

219 478 291 555 simp
293 474 350 536 lioe
362 482 459 535 natura
506 481 565 534 teat
576 482 670 534 tamen
682 473 901 551 inmoderatum,

217 490 932 638 neumarenocturnosqueoaalilnoidatempla

135 653 202 710 tolo
216 661 272 703 neo
282 639 402 702 mortale
415 658 507 719 genus
518 658 573 701 neo
584 640 678 700 divum
690 658 812 721 corpora
822 651 920 703 saneta

218 727 351 804 exiguum
364 732 484 805 possent
494 723 574 785 horai
587 726 692 786 sistere
703 734 831 824 tempus·

217 827 280 869 nam
277 808 417 908 'dispulsa
428 823 482 869 suo
494 808 530 868 de
543 817 627 869 ooetu
638 810 763 870 materiai

218 894 301 972 eopia
312 886 457 953 ferratur'
444 909 576 970 magnum
586 909 640 971 per
650 894 732 952 inane
744 892 854 971 soluta,

216 979 278 1037 sive
288 975 361 1036 adeo
372 977 467 1055 potius
478 993 626 1075 numquam
640 985 775 1036 oonorsta
786 985 915 1039 creasset

135 1069 204 1124 loao
217 1058 302 1119 ullam
312 1077 390 1137 rem,
403 1059 534 1138 quoniam
544 1074 611 1137 eogr
604 1058 741 1121 disieota
752 1061 909 1139 nequisset.

217 1161 280 1203 nanr
292 1152 371 1203 oerte
384 1161 478 1222 neme
493 1141 613 1204 oonsilio
625 1142 776 1222 primordia
785 1160 880 1204 rerum

217 1225 314 1287 ordine
325 1245 359 1288 se
371 1242 423 1287 suo
435 1243 567 1306 quaeque
582 1228 679 1305 sagaci
689 1235 783 1286 mente
795 1227 923 1288 locarunt

216 1329 272 1371 neo
284 1326 357 1390 qnos
369 1328 499 1389 quaeque
512 1310 610 1370 timent
620 1320 713 1371 motus
724 1313 864 1390 pepigere
874 1309 1027 1391 proiecto,

217 1394 270 1455 sed
282 1395 345 1473 quia
356 1392 441 1454 multa
453 1393 544 1455 modis
555 1393 650 1454 moltis
663 1403 767 1454 mutata
777 1413 832 1474 per
842 1412 925 1455 omne

134 1487 201 1540 1025
217 1496 254 1538 en
264 1477 371 1537 infinito
382 1486 519 1537 vexantur
531 1480 640 1555 pensita
651 1475 760 1556 plagis,

217 1578 300 1621 omne
312 1578 403 1637 genus
417 1569 510 1620 motus
521 1567 550 1621 et
562 1569 663 1620 oootus
675 1560 851 1639 experiundo

217 1642 330 1704 tandem
344 1642 496 1703 deveniunt
506 1645 535 1703 in
546 1642 610 1704 talis
622 1643 828 1721 disposituras,

218 1725 348 1807 qualibus
359 1725 432 1787 haee
442 1744 536 1786 rerum
548 1729 678 1788 consistit
689 1745 795 1787 summa
807 1737 917 1805 ereata,

219 1820 248 1871 et
260 1809 365 1871 multos
377 1811 461 1869 etiam
471 1827 589 1888 magnos
601 1820 714 1871 serrata
725 1829 777 1889 per
787 1826 875 1872 annos

136 1903 203 1956 1030
217 1903 247 1954 ut
259 1892 349 1955 semel
360 1894 389 1953 in
400 1903 493 1954 motus
506 1896 664 1955 coniectast
676 1895 886 1972 convenientis,

218 1977 307 2038 effluit
317 1987 348 2038 ut
358 1976 446 2055 largis
457 1976 568 2038 aridum
578 1995 655 2038 mare
666 1977 787 2038 fluminis
799 1977 880 2039 undis

217 2064 360 2139 integrent
372 2079 468 2123 amnes
483 2071 514 2123 et
524 2060 595 2123 solis
605 2070 681 2123 terra
692 2078 799 2142 vapore

218 2146 276 2206 iota
287 2155 373 2206 novet
384 2145 460 2208 fetus
474 2147 679 2226 summissaque
691 2163 763 2224 gens
774 2146 939 2206 animantum

218 2228 317 2291 floreat
328 2240 357 2290 et
369 2232 464 2290 vivant
475 2230 606 2291 labentes
617 2229 742 2290 aetheris
755 2230 853 2307 ignes3
903 2274 904 2277 ,

136 2321 202 2375 1035
218 2313 293 2392 quoti
304 2313 382 2374 nullo
394 2314 522 2373 iacerent
533 2322 636 2393 puoto,
651 2312 705 2372 nisi
717 2314 841 2372 materiai

219 2415 256 2457 ex
266 2399 372 2458 infinito
387 2395 508 2457 suboriri
520 2397 603 2474 eopia
613 2403 731 2474 posset,
863 2450 867 2461 ,

218 2480 292 2541 unde
304 2482 405 2541 amissa
415 2479 510 2540 solent
519 2495 652 2558 reparare
664 2480 693 2537 in
706 2487 836 2556 tempore
848 2489 988 2560 quaeque.

218 2582 280 2622 nam
292 2561 380 2623 veluti
393 2564 500 2642 privata
511 2562 577 2622 oibo
588 2571 685 2622 namra
695 2562 860 2622 animantum

219 2645 319 2706 diffluit
329 2647 459 2707 amittens
472 2663 593 2725 eorpus,
607 2647 649 2706 sio
660 2646 752 2705 omnia
766 2644 872 2707 debent

135 2738 203 2793 1040
218 2727 336 2790 dissolui
346 2727 429 2790 simul
443 2746 477 2790 ao
491 2727 598 2790 deieoit
608 2728 790 2808 suppeditare

217 2814 349 2874 materies
360 2811 453 2893 aliqua
464 2814 571 2874 ratione
582 2814 803 2892 averserisque.

215 2914 271 2957 neo
283 2895 385 2976 plagae
396 2907 518 2976 possunt
527 2899 706 2958 extrinseous
717 2896 841 2974 undique
852 2914 987 2956 summam

217 2998 388 3042 oonserrare
399 2999 528 3059 omnem,
540 2998 737 3060 quaecumque
751 2989 797 3040 ast
811 2979 969 3041 oonoiliata.

217 3064 323 3126 endere
335 3067 409 3126 enim
422 3066 524 3126 erebro
535 3072 655 3144 possunt
666 3072 831 3143 partemque
842 3064 960 3140 morari,

135 3157 201 3214 tote
218 3148 282 3209 dum
292 3151 404 3211 veniant
414 3148 487 3212 aliae
498 3167 532 3210 ao
543 3147 672 3228 suppleri
683 3165 789 3208 summa
800 3156 920 3226 queatur

216 3233 355 3295 interdum
366 3233 479 3295 resilire
491 3242 585 3295 tamen
598 3240 739 3310 eoguntur
749 3240 778 3293 et
789 3250 844 3292 una

216 3319 362 3398 principiis
372 3336 467 3379 rerum
478 3318 598 3397 spatium
608 3325 778 3396 tempusque
790 3316 869 3395 fugai

216 3402 327 3481 largiri,
339 3411 370 3462 ot
384 3403 495 3482 possint
509 3420 526 3463 a
538 3411 624 3464 ooetu
636 3401 726 3463 libem
737 3401 814 3462 ferri.

216 3503 303 3567 quare
315 3487 399 3548 etiam
409 3495 495 3568 atque
508 3488 591 3548 etiarn
602 3486 723 3548 suboriri
733 3485 819 3546 multa
830 3497 1002 3562 neeessest,
